ts,symbol,event_type,last_px,last_sz,side,bid_px_1,bid_sz_1,ask_px_1,ask_sz_1,bid_px_2,bid_sz_2,ask_px_2,ask_sz_2,bid_px_3,bid_sz_3,ask_px_3,ask_sz_3,bid_px_4,bid_sz_4,ask_px_4,ask_sz_4,bid_px_5,bid_sz_5,ask_px_5,ask_sz_5,bid_px_6,bid_sz_6,ask_px_6,ask_sz_6,bid_px_7,bid_sz_7,ask_px_7,ask_sz_7,bid_px_8,bid_sz_8,ask_px_8,ask_sz_8,bid_px_9,bid_sz_9,ask_px_9,ask_sz_9,bid_px_10,bid_sz_10,ask_px_10,ask_sz_10
0,000001.SZ,quote,10.000837,2353,-1,9.988636,2328,10.013037,1643,9.978636,1339,10.023037,4967,9.968636,1212,10.033037,3956,9.958636,760,10.043037,744,9.948636,1267,10.053037,2291,9.938636,2405,10.063037,4639,9.928636,717,10.073037,2128,9.918636,4964,10.083037,3936,9.908636,2305,10.093037,4179,9.898636,2778,10.103037,553
100000000,000001.SZ,quote,10.002389,3562,1,9.989112,2776,10.015667,1773,9.979112,2263,10.025667,3257,9.969112,1337,10.035667,1259,9.959112,3612,10.045667,1292,9.949112,3440,10.055667,3317,9.939112,2666,10.065667,855,9.929112,4263,10.075667,4892,9.919112,1522,10.085667,3600,9.909112,1145,10.095667,2901,9.899112,3462,10.105667,2075
200000000,000001.SZ,quote,10.003617,1966,1,9.99125,1153,10.015983,2407,9.98125,1327,10.025983,3613,9.97125,2777,10.035983,4214,9.96125,3488,10.045983,1832,9.95125,3532,10.055983,3410,9.94125,2216,10.065983,2687,9.93125,1084,10.075983,1901,9.92125,4875,10.085983,2505,9.91125,1838,10.095983,4286,9.90125,3608,10.105983,2711
300000000,000001.SZ,quote,10.006554,4662,-1,9.989434,3156,10.023674,958,9.979434,2376,10.033674,762,9.969434,3084,10.043674,3786,9.959434,2693,10.053674,1042,9.949434,2228,10.063674,3077,9.939434,2241,10.073674,4589,9.929434,3741,10.083674,4258,9.919434,1670,10.093674,2669,9.909434,1643,10.103674,2520,9.899434,4915,10.113674,2652
400000000,000001.SZ,quote,10.008036,4880,1,9.992609,3465,10.023464,2296,9.982609,1633,10.033464,4674,9.972609,4542,10.043464,1244,9.962609,885,10.053464,1398,9.952609,1752,10.063464,1810,9.942609,3958,10.073464,1020,9.932609,3652,10.083464,3626,9.922609,4334,10.093464,4834,9.912609,2559,10.103464,594,9.902609,1438,10.113464,4898
500000000,000001.SZ,quote,10.009541,2886,-1,9.991393,2904,10.02769,4061,9.981393,1795,10.03769,4216,9.971393,526,10.04769,2657,9.961393,4600,10.05769,1963,9.951393,4658,10.06769,1371,9.941393,2944,10.07769,4658,9.931393,2129,10.08769,1752,9.921393,3563,10.09769,1823,9.911393,4918,10.10769,4844,9.901393,504,10.11769,3155
600000000,000001.SZ,quote,10.009473,3073,1,9.996578,2461,10.022368,974,9.986578,2473,10.032368,1145,9.976578,1201,10.042368,4481,9.966578,1066,10.052368,4863,9.956578,1530,10.062368,1551,9.946578,4393,10.072368,1852,9.936578,2671,10.082368,4822,9.926578,3966,10.092368,2235,9.916578,4917,10.102368,2147,9.906578,3053,10.112368,3768
700000000,000001.SZ,quote,10.012444,3688,1,9.995245,1491,10.029643,2530,9.985245,2340,10.039643,1024,9.975245,3269,10.049643,672,9.965245,2385,10.059643,2304,9.955245,558,10.069643,1081,9.945245,982,10.079643,2375,9.935245,1052,10.089643,757,9.925245,3206,10.099643,1080,9.915245,4711,10.109643,2449,9.905245,2781,10.119643,4476
800000000,000001.SZ,quote,10.010729,4777,1,9.997671,2490,10.023788,4374,9.987671,3834,10.033788,2059,9.977671,1272,10.043788,1294,9.967671,4031,10.053788,3402,9.957671,3969,10.063788,3867,9.947671,4325,10.073788,943,9.937671,1306,10.083788,996,9.927671,3798,10.093788,3279,9.917671,1395,10.103788,2536,9.907671,2069,10.113788,2058
900000000,000001.SZ,quote,10.010947,1603,1,9.997826,4289,10.024068,2546,9.987826,1117,10.034068,4130,9.977826,1302,10.044068,914,9.967826,4928,10.054068,620,9.957826,1264,10.064068,2436,9.947826,1862,10.074068,3829,9.937826,4478,10.084068,4443,9.927826,2251,10.094068,3785,9.917826,980,10.104068,1848,9.907826,3604,10.114068,517
1000000000,000001.SZ,quote,10.013859,3827,1,9.999737,3965,10.02798,4486,9.989737,1768,10.03798,2055,9.979737,2930,10.04798,2283,9.969737,979,10.05798,4941,9.959737,999,10.06798,3069,9.949737,968,10.07798,910,9.939737,4405,10.08798,4619,9.929737,4850,10.09798,1789,9.919737,965,10.10798,4660,9.909737,1156,10.11798,2022
1100000000,000001.SZ,quote,10.01127,2026,1,9.998726,1482,10.023814,2516,9.988726,825,10.033814,1171,9.978726,3934,10.043814,4782,9.968726,3091,10.053814,2636,9.958726,2173,10.063814,3073,9.948726,2455,10.073814,2675,9.938726,3742,10.083814,1572,9.928726,2957,10.093814,4245,9.918726,3090,10.103814,1094,9.908726,576,10.113814,4254
1200000000,000001.SZ,quote,10.011997,919,-1,9.995493,4904,10.028501,2246,9.985493,4644,10.038501,2672,9.975493,1585,10.048501,3359,9.965493,1063,10.058501,2501,9.955493,3527,10.068501,2834,9.945493,1792,10.078501,4089,9.935493,4950,10.088501,2978,9.925493,4833,10.098501,564,9.915493,2952,10.108501,1348,9.905493,1600,10.118501,2666
1300000000,000001.SZ,quote,10.00969,4632,-1,9.996833,2731,10.022546,2808,9.986833,2225,10.032546,3308,9.976833,2167,10.042546,2662,9.966833,4640,10.052546,4502,9.956833,2557,10.062546,916,9.946833,1256,10.072546,3969,9.936833,2766,10.082546,861,9.926833,529,10.092546,3232,9.916833,1571,10.102546,2645,9.906833,1823,10.112546,4119
1400000000,000001.SZ,quote,10.01,179,-1,9.994578,1116,10.025421,1721,9.984578,4969,10.035421,795,9.974578,3524,10.045421,1713,9.964578,4020,10.055421,1544,9.954578,842,10.065421,3025,9.944578,3487,10.075421,826,9.934578,3431,10.085421,2220,9.924578,2544,10.095421,1342,9.914578,3397,10.105421,3829,9.904578,1766,10.115421,2439
1500000000,000001.SZ,quote,10.012187,1550,1,9.992378,703,10.031997,1969,9.982378,3221,10.041997,3872,9.972378,2532,10.051997,2685,9.962378,1804,10.061997,1385,9.952378,3633,10.071997,817,9.942378,4355,10.081997,2322,9.932378,2134,10.091997,4270,9.922378,3364,10.101997,3000,9.912378,2364,10.111997,2326,9.902378,693,10.121997,2082
1600000000,000001.SZ,quote,10.011578,668,1,9.997349,3376,10.025807,4673,9.987349,3774,10.035807,4892,9.977349,3212,10.045807,726,9.967349,1444,10.055807,2639,9.957349,1962,10.065807,2674,9.947349,813,10.075807,1388,9.937349,4059,10.085807,3331,9.927349,3069,10.095807,4074,9.917349,4689,10.105807,1447,9.907349,3655,10.115807,2057
1700000000,000001.SZ,quote,10.010106,113,-1,9.992436,3483,10.027777,4033,9.982436,1073,10.037777,3204,9.972436,3071,10.047777,1520,9.962436,2960,10.057777,4654,9.952436,3033,10.067777,3845,9.942436,3172,10.077777,3796,9.932436,2922,10.087777,1542,9.922436,2071,10.097777,3944,9.912436,3605,10.107777,1925,9.902436,2965,10.117777,3826
1800000000,000001.SZ,quote,10.010394,2450,-1,9.998391,4021,10.022397,3139,9.988391,4309,10.032397,4119,9.978391,4122,10.042397,2250,9.968391,4687,10.052397,4376,9.958391,1890,10.062397,1194,9.948391,2824,10.072397,4722,9.938391,3245,10.082397,1265,9.928391,2424,10.092397,3042,9.918391,2340,10.102397,2131,9.908391,1707,10.112397,700
1900000000,000001.SZ,quote,10.007671,696,1,9.9878,3895,10.027543,2092,9.9778,3645,10.037543,4549,9.9678,3773,10.047543,2498,9.9578,1708,10.057543,545,9.9478,1373,10.067543,3982,9.9378,2292,10.077543,1940,9.9278,4743,10.087543,4305,9.9178,911,10.097543,2541,9.9078,1494,10.107543,4239,9.8978,1592,10.117543,4306
2000000000,000001.SZ,quote,10.008677,4977,1,9.988774,4125,10.02858,4635,9.978774,3995,10.03858,4988,9.968774,4152,10.04858,1803,9.958774,4388,10.05858,4186,9.948774,2623,10.06858,2525,9.938774,2771,10.07858,4770,9.928774,4469,10.08858,2459,9.918774,2749,10.09858,4103,9.908774,1134,10.10858,2840,9.898774,2420,10.11858,2725
2100000000,000001.SZ,quote,10.007692,760,-1,9.988548,1735,10.026836,2394,9.978548,3637,10.036836,1751,9.968548,2252,10.046836,1026,9.958548,3898,10.056836,3839,9.948548,3210,10.066836,4945,9.938548,4316,10.076836,3906,9.928548,1010,10.086836,2194,9.918548,3941,10.096836,3690,9.908548,660,10.106836,3616,9.898548,4407,10.116836,548
2200000000,000001.SZ,quote,10.010348,3294,1,9.995959,4909,10.024737,4973,9.985959,2306,10.034737,4499,9.975959,2297,10.044737,2735,9.965959,4070,10.054737,4478,9.955959,737,10.064737,3685,9.945959,3253,10.074737,3812,9.935959,1852,10.084737,4328,9.925959,1545,10.094737,4875,9.915959,720,10.104737,3727,9.905959,722,10.114737,1187
2300000000,000001.SZ,quote,10.011205,3882,-1,9.998119,911,10.02429,2631,9.988119,3605,10.03429,3181,9.978119,2233,10.04429,4224,9.968119,3177,10.05429,3264,9.958119,3605,10.06429,2779,9.948119,3953,10.07429,2566,9.938119,1170,10.08429,4352,9.928119,658,10.09429,4918,9.918119,926,10.10429,3366,9.908119,2336,10.11429,1062
2400000000,000001.SZ,quote,10.012892,354,-1,9.995678,2133,10.030106,666,9.985678,1748,10.040106,2454,9.975678,1534,10.050106,4379,9.965678,1437,10.060106,2285,9.955678,4309,10.070106,2599,9.945678,3521,10.080106,1874,9.935678,1438,10.090106,1841,9.925678,3048,10.100106,1385,9.915678,710,10.110106,3055,9.905678,3574,10.120106,3749
2500000000,000001.SZ,quote,10.015541,4950,-1,10.001954,1334,10.029128,2970,9.991954,1491,10.039128,836,9.981954,3344,10.049128,4864,9.971954,4009,10.059128,3535,9.961954,1064,10.069128,4644,9.951954,3295,10.079128,603,9.941954,3941,10.089128,4515,9.931954,1364,10.099128,4051,9.921954,3467,10.109128,4266,9.911954,1753,10.119128,4067
2600000000,000001.SZ,quote,10.013598,2312,1,9.997424,4308,10.029772,4068,9.987424,2698,10.039772,3140,9.977424,2511,10.049772,1209,9.967424,2784,10.059772,4192,9.957424,2497,10.069772,4306,9.947424,3604,10.079772,3255,9.937424,735,10.089772,4549,9.927424,3162,10.099772,1989,9.917424,4494,10.109772,2237,9.907424,3406,10.119772,2616
2700000000,000001.SZ,quote,10.01264,2363,-1,9.993597,4732,10.031682,2065,9.983597,1201,10.041682,2477,9.973597,3829,10.051682,4502,9.963597,2468,10.061682,4400,9.953597,4520,10.071682,4171,9.943597,641,10.081682,1262,9.933597,2910,10.091682,2315,9.923597,3812,10.101682,2493,9.913597,3008,10.111682,3523,9.903597,4376,10.121682,4849
2800000000,000001.SZ,quote,10.011702,4608,1,9.991729,3382,10.031675,4217,9.981729,2719,10.041675,3011,9.971729,2559,10.051675,2388,9.961729,1488,10.061675,2077,9.951729,3084,10.071675,1479,9.941729,4889,10.081675,2016,9.931729,2069,10.091675,2272,9.921729,4466,10.101675,2765,9.911729,4797,10.111675,2818,9.901729,1323,10.121675,2090
2900000000,000001.SZ,quote,10.01048,2576,-1,9.995593,4875,10.025367,1536,9.985593,2747,10.035367,872,9.975593,946,10.045367,2893,9.965593,1534,10.055367,4521,9.955593,1340,10.065367,600,9.945593,2829,10.075367,4345,9.935593,4421,10.085367,4108,9.925593,3291,10.095367,2010,9.915593,920,10.105367,2568,9.905593,4413,10.115367,1434
3000000000,000001.SZ,quote,10.012413,706,-1,9.997207,1742,10.027618,1722,9.987207,2989,10.037618,1197,9.977207,2533,10.047618,1470,9.967207,3909,10.057618,2348,9.957207,4780,10.067618,3616,9.947207,4190,10.077618,4126,9.937207,2935,10.087618,4012,9.927207,3001,10.097618,993,9.917207,1312,10.107618,2202,9.907207,2228,10.117618,2667
3100000000,000001.SZ,quote,10.013375,1523,-1,10.000119,1782,10.026632,521,9.990119,3846,10.036632,4190,9.980119,4349,10.046632,2885,9.970119,767,10.056632,2396,9.960119,2860,10.066632,2816,9.950119,4219,10.076632,1083,9.940119,2412,10.086632,2667,9.930119,2120,10.096632,3982,9.920119,1440,10.106632,4961,9.910119,2341,10.116632,1720
3200000000,000001.SZ,quote,10.015826,684,-1,9.997213,1859,10.034439,3019,9.987213,2864,10.044439,4097,9.977213,1518,10.054439,4339,9.967213,2991,10.064439,3797,9.957213,2730,10.074439,4599,9.947213,4923,10.084439,4545,9.937213,4086,10.094439,1158,9.927213,826,10.104439,4039,9.917213,3140,10.114439,2551,9.907213,711,10.124439,1248
3300000000,000001.SZ,quote,10.014199,4812,-1,9.996805,2707,10.031594,829,9.986805,1935,10.041594,4354,9.976805,4751,10.051594,4122,9.966805,2778,10.061594,1986,9.956805,4070,10.071594,4528,9.946805,1247,10.081594,4350,9.936805,3350,10.091594,3845,9.926805,3230,10.101594,3130,9.916805,1356,10.111594,1817,9.906805,3201,10.121594,3872
3400000000,000001.SZ,quote,10.015361,3380,-1,10.001055,4225,10.029667,1221,9.991055,3076,10.039667,2567,9.981055,3148,10.049667,1449,9.971055,3811,10.059667,4715,9.961055,509,10.069667,4944,9.951055,4284,10.079667,3885,9.941055,944,10.089667,2036,9.931055,4747,10.099667,3463,9.921055,4583,10.109667,4121,9.911055,922,10.119667,2167
3500000000,000001.SZ,quote,10.013964,2459,1,10.000915,4470,10.027012,1494,9.990915,736,10.037012,2460,9.980915,1797,10.047012,3045,9.970915,612,10.057012,3842,9.960915,1263,10.067012,2340,9.950915,1429,10.077012,4280,9.940915,1462,10.087012,1761,9.930915,4582,10.097012,2890,9.920915,4668,10.107012,2739,9.910915,3903,10.117012,4452
3600000000,000001.SZ,quote,10.016845,4615,-1,10.002895,3642,10.030795,2061,9.992895,4663,10.040795,1618,9.982895,1071,10.050795,2763,9.972895,3899,10.060795,3284,9.962895,4659,10.070795,2688,9.952895,521,10.080795,2817,9.942895,2945,10.090795,4511,9.932895,1717,10.100795,4158,9.922895,4912,10.110795,4467,9.912895,3327,10.120795,3223
3700000000,000001.SZ,quote,10.017156,3830,1,10.000809,2045,10.033504,2456,9.990809,3637,10.043504,2413,9.980809,3865,10.053504,857,9.970809,3106,10.063504,4374,9.960809,3623,10.073504,3662,9.950809,1746,10.083504,4557,9.940809,803,10.093504,1534,9.930809,4614,10.103504,3219,9.920809,1322,10.113504,4106,9.910809,1316,10.123504,4808
3800000000,000001.SZ,quote,10.019619,1280,1,10.007496,1764,10.031742,1112,9.997496,4346,10.041742,2671,9.987496,3273,10.051742,3756,9.977496,1157,10.061742,3191,9.967496,4871,10.071742,3613,9.957496,3094,10.081742,4497,9.947496,4932,10.091742,794,9.937496,1060,10.101742,2423,9.927496,2854,10.111742,2363,9.917496,1240,10.121742,4055
3900000000,000001.SZ,quote,10.022489,923,1,10.004406,1862,10.040572,2953,9.994406,737,10.050572,876,9.984406,3157,10.060572,959,9.974406,2903,10.070572,3436,9.964406,3570,10.080572,4028,9.954406,1692,10.090572,2500,9.944406,4851,10.100572,3875,9.934406,1975,10.110572,1892,9.924406,1934,10.120572,1146,9.914406,3633,10.130572,2472
4000000000,000001.SZ,quote,10.022475,2002,1,10.00581,2580,10.03914,4264,9.99581,2591,10.04914,576,9.98581,4311,10.05914,2856,9.97581,4977,10.06914,1794,9.96581,1105,10.07914,4118,9.95581,3330,10.08914,2950,9.94581,3975,10.09914,2548,9.93581,4242,10.10914,2974,9.92581,2131,10.11914,3651,9.91581,4458,10.12914,1373
4100000000,000001.SZ,quote,10.020898,4808,1,10.004323,2918,10.037474,679,9.994323,3742,10.047474,2748,9.984323,566,10.057474,901,9.974323,4569,10.067474,2844,9.964323,2385,10.077474,3386,9.954323,2294,10.087474,2057,9.944323,2553,10.097474,1620,9.934323,1295,10.107474,822,9.924323,3030,10.117474,4111,9.914323,773,10.127474,3488
4200000000,000001.SZ,quote,10.022293,2517,1,10.009571,3903,10.035014,1938,9.999571,2144,10.045014,1582,9.989571,4918,10.055014,3497,9.979571,4848,10.065014,4610,9.969571,2732,10.075014,1847,9.959571,2605,10.085014,4447,9.949571,2917,10.095014,3274,9.939571,1443,10.105014,4336,9.929571,1116,10.115014,1653,9.919571,2348,10.125014,3755
4300000000,000001.SZ,quote,10.025096,3096,-1,10.006659,3732,10.043533,614,9.996659,2666,10.053533,4895,9.986659,1512,10.063533,4225,9.976659,3519,10.073533,2647,9.966659,3621,10.083533,3543,9.956659,1387,10.093533,2415,9.946659,4362,10.103533,705,9.936659,3187,10.113533,2313,9.926659,1017,10.123533,4303,9.916659,2975,10.133533,3844
4400000000,000001.SZ,quote,10.022796,404,1,10.010433,4535,10.035159,1451,10.000433,1296,10.045159,2423,9.990433,4903,10.055159,1611,9.980433,3683,10.065159,4216,9.970433,3539,10.075159,4925,9.960433,3933,10.085159,1765,9.950433,3898,10.095159,1311,9.940433,4508,10.105159,3843,9.930433,2791,10.115159,768,9.920433,3535,10.125159,2279
4500000000,000001.SZ,quote,10.022457,3071,-1,10.002852,3509,10.042061,4960,9.992852,3438,10.052061,996,9.982852,3761,10.062061,2760,9.972852,2054,10.072061,1500,9.962852,4225,10.082061,1250,9.952852,2237,10.092061,674,9.942852,914,10.102061,3232,9.932852,2495,10.112061,1531,9.922852,2181,10.122061,1062,9.912852,2197,10.132061,2269
4600000000,000001.SZ,quote,10.024335,1308,-1,10.010471,2771,10.038199,1685,10.000471,1564,10.048199,4925,9.990471,2553,10.058199,1929,9.980471,1400,10.068199,711,9.970471,1579,10.078199,621,9.960471,3434,10.088199,2449,9.950471,3152,10.098199,629,9.940471,1927,10.108199,2673,9.930471,929,10.118199,1538,9.920471,3948,10.128199,4809
4700000000,000001.SZ,quote,10.022017,3772,1,10.009508,4704,10.034525,1393,9.999508,4202,10.044525,4627,9.989508,2314,10.054525,855,9.979508,4771,10.064525,2970,9.969508,4252,10.074525,755,9.959508,998,10.084525,4423,9.949508,3790,10.094525,3992,9.939508,1384,10.104525,4516,9.929508,4133,10.114525,1102,9.919508,1161,10.124525,3138
4800000000,000001.SZ,quote,10.022667,2352,1,10.010141,3620,10.035192,4846,10.000141,2915,10.045192,4216,9.990141,4641,10.055192,4024,9.980141,1312,10.065192,1437,9.970141,2261,10.075192,4023,9.960141,4199,10.085192,2371,9.950141,3889,10.095192,3276,9.940141,4215,10.105192,3766,9.930141,3907,10.115192,1278,9.920141,3060,10.125192,3996
4900000000,000001.SZ,quote,10.021542,1350,1,10.007503,1049,10.035581,1247,9.997503,1199,10.045581,1263,9.987503,4037,10.055581,1291,9.977503,3552,10.065581,1565,9.967503,991,10.075581,3200,9.957503,1501,10.085581,3865,9.947503,3396,10.095581,3964,9.937503,921,10.105581,2856,9.927503,3059,10.115581,3380,9.917503,1348,10.125581,4656
5000000000,000001.SZ,quote,10.019818,1937,-1,10.002564,3368,10.037072,3511,9.992564,1441,10.047072,2782,9.982564,2352,10.057072,4015,9.972564,715,10.067072,2690,9.962564,737,10.077072,1977,9.952564,2738,10.087072,3031,9.942564,3283,10.097072,3375,9.932564,550,10.107072,1986,9.922564,1673,10.117072,3783,9.912564,1070,10.127072,1662
5100000000,000001.SZ,quote,10.021264,851,-1,10.001489,3581,10.041038,3939,9.991489,4216,10.051038,3292,9.981489,1789,10.061038,3531,9.971489,3052,10.071038,3157,9.961489,1195,10.081038,930,9.951489,1774,10.091038,1789,9.941489,907,10.101038,1168,9.931489,2729,10.111038,4129,9.921489,3973,10.121038,4478,9.911489,4121,10.131038,3892
5200000000,000001.SZ,quote,10.019903,1032,1,10.001863,4021,10.037942,1408,9.991863,2820,10.047942,4486,9.981863,4816,10.057942,3026,9.971863,872,10.067942,2306,9.961863,3737,10.077942,948,9.951863,562,10.087942,2174,9.941863,2969,10.097942,2230,9.931863,1624,10.107942,2593,9.921863,2871,10.117942,3187,9.911863,1482,10.127942,563
5300000000,000001.SZ,quote,10.019887,1158,1,10.004442,4862,10.035332,2385,9.994442,4598,10.045332,3401,9.984442,1090,10.055332,3752,9.974442,846,10.065332,4073,9.964442,653,10.075332,4266,9.954442,1137,10.085332,3064,9.944442,4016,10.095332,3813,9.934442,3921,10.105332,2871,9.924442,1443,10.115332,3818,9.914442,670,10.125332,3160
5400000000,000001.SZ,quote,10.017918,3869,1,9.998338,1221,10.037499,4077,9.988338,1367,10.047499,2493,9.978338,4069,10.057499,3780,9.968338,4792,10.067499,1144,9.958338,3742,10.077499,3041,9.948338,3281,10.087499,2315,9.938338,3228,10.097499,1877,9.928338,1125,10.107499,4681,9.918338,1434,10.117499,4846,9.908338,4677,10.127499,2088
5500000000,000001.SZ,quote,10.020354,1309,-1,10.005559,1342,10.035149,1699,9.995559,2596,10.045149,2116,9.985559,1921,10.055149,1752,9.975559,1117,10.065149,1951,9.965559,4547,10.075149,4300,9.955559,4177,10.085149,3147,9.945559,3089,10.095149,1736,9.935559,4102,10.105149,1059,9.925559,4341,10.115149,4122,9.915559,2980,10.125149,2750
5600000000,000001.SZ,quote,10.020903,707,1,10.006087,4282,10.035718,4202,9.996087,808,10.045718,966,9.986087,3520,10.055718,2851,9.976087,1128,10.065718,1239,9.966087,4653,10.075718,3649,9.956087,4290,10.085718,836,9.946087,4184,10.095718,2042,9.936087,3133,10.105718,4396,9.926087,4607,10.115718,1735,9.916087,1006,10.125718,4190
5700000000,000001.SZ,quote,10.018524,2913,-1,9.999331,4633,10.037717,1913,9.989331,820,10.047717,2529,9.979331,4086,10.057717,4099,9.969331,4793,10.067717,4782,9.959331,1800,10.077717,3481,9.949331,3554,10.087717,2817,9.939331,3673,10.097717,3848,9.929331,3271,10.107717,928,9.919331,3241,10.117717,1039,9.909331,3200,10.127717,1274
5800000000,000001.SZ,quote,10.018871,2164,-1,10.003779,3230,10.033964,1167,9.993779,1658,10.043964,3365,9.983779,3041,10.053964,3710,9.973779,1556,10.063964,1194,9.963779,3036,10.073964,3585,9.953779,3190,10.083964,1546,9.943779,4812,10.093964,1265,9.933779,3968,10.103964,4665,9.923779,3464,10.113964,649,9.913779,3470,10.123964,3030
5900000000,000001.SZ,quote,10.016953,4083,-1,10.003239,2355,10.030666,1626,9.993239,1769,10.040666,1132,9.983239,2923,10.050666,1328,9.973239,4658,10.060666,4921,9.963239,4813,10.070666,809,9.953239,3258,10.080666,1573,9.943239,3586,10.090666,1763,9.933239,1829,10.100666,1981,9.923239,1856,10.110666,4085,9.913239,857,10.120666,3865
6000000000,000001.SZ,quote,10.016139,3738,1,9.998382,4177,10.033895,2416,9.988382,4874,10.043895,2459,9.978382,3035,10.053895,4342,9.968382,2089,10.063895,3513,9.958382,4109,10.073895,4282,9.948382,2808,10.083895,3628,9.938382,4619,10.093895,4820,9.928382,3929,10.103895,1827,9.918382,2135,10.113895,1633,9.908382,2548,10.123895,927
6100000000,000001.SZ,quote,10.016986,4642,-1,9.997993,4726,10.035979,1521,9.987993,2835,10.045979,1187,9.977993,1813,10.055979,2734,9.967993,4180,10.065979,4705,9.957993,1707,10.075979,4083,9.947993,1251,10.085979,2318,9.937993,4195,10.095979,3363,9.927993,718,10.105979,3898,9.917993,936,10.115979,3747,9.907993,4612,10.125979,3563
6200000000,000001.SZ,quote,10.0154,3171,-1,9.995444,730,10.035357,3110,9.985444,1311,10.045357,3246,9.975444,1696,10.055357,1627,9.965444,813,10.065357,2850,9.955444,4370,10.075357,1636,9.945444,4342,10.085357,4174,9.935444,543,10.095357,1149,9.925444,655,10.105357,2596,9.915444,2266,10.115357,1724,9.905444,4995,10.125357,4823
6300000000,000001.SZ,quote,10.01494,2046,1,9.996731,1498,10.033149,891,9.986731,2453,10.043149,3939,9.976731,4244,10.053149,1014,9.966731,1408,10.063149,4594,9.956731,4891,10.073149,634,9.946731,4721,10.083149,2481,9.936731,1676,10.093149,2886,9.926731,4016,10.103149,512,9.916731,3390,10.113149,2470,9.906731,3912,10.123149,2034
6400000000,000001.SZ,quote,10.015926,3054,-1,10.003241,4809,10.028611,4957,9.993241,4656,10.038611,4658,9.983241,666,10.048611,3698,9.973241,4351,10.058611,856,9.963241,3669,10.068611,3558,9.953241,2577,10.078611,633,9.943241,3425,10.088611,1053,9.933241,3324,10.098611,2475,9.923241,1349,10.108611,3223,9.913241,1592,10.118611,863
6500000000,000001.SZ,quote,10.01504,1534,1,10.000332,4420,10.029748,1993,9.990332,1604,10.039748,1016,9.980332,4249,10.049748,802,9.970332,2903,10.059748,2151,9.960332,858,10.069748,2134,9.950332,843,10.079748,3085,9.940332,3040,10.089748,4722,9.930332,3762,10.099748,4948,9.920332,4378,10.109748,2575,9.910332,799,10.119748,2065
6600000000,000001.SZ,quote,10.013757,491,1,9.99486,2738,10.032654,1519,9.98486,3514,10.042654,4079,9.97486,3776,10.052654,4102,9.96486,3667,10.062654,3277,9.95486,2030,10.072654,4564,9.94486,4575,10.082654,3509,9.93486,4753,10.092654,2684,9.92486,1176,10.102654,3977,9.91486,1146,10.112654,4027,9.90486,1978,10.122654,4968
6700000000,000001.SZ,quote,10.012519,2786,1,9.999698,3010,10.02534,4152,9.989698,3990,10.03534,1865,9.979698,4136,10.04534,3379,9.969698,4162,10.05534,846,9.959698,3388,10.06534,4063,9.949698,2749,10.07534,969,9.939698,1114,10.08534,3827,9.929698,3476,10.09534,4703,9.919698,1810,10.10534,755,9.909698,1669,10.11534,4089
6800000000,000001.SZ,quote,10.009728,3100,1,9.99719,3636,10.022266,765,9.98719,1756,10.032266,4185,9.97719,3538,10.042266,3547,9.96719,4136,10.052266,1129,9.95719,1627,10.062266,4837,9.94719,3506,10.072266,3760,9.93719,3075,10.082266,2783,9.92719,2544,10.092266,1429,9.91719,712,10.102266,2024,9.90719,4588,10.112266,4741
6900000000,000001.SZ,quote,10.00905,2244,1,9.992557,4155,10.025543,2257,9.982557,2839,10.035543,4523,9.972557,2139,10.045543,1504,9.962557,1611,10.055543,1106,9.952557,4203,10.065543,1914,9.942557,4146,10.075543,1219,9.932557,3118,10.085543,3346,9.922557,1031,10.095543,4941,9.912557,2878,10.105543,2957,9.902557,1790,10.115543,1926
7000000000,000001.SZ,quote,10.010812,1094,-1,9.994742,1637,10.026882,2439,9.984742,4547,10.036882,715,9.974742,3456,10.046882,3522,9.964742,4328,10.056882,1563,9.954742,1206,10.066882,1038,9.944742,3033,10.076882,3761,9.934742,4421,10.086882,4806,9.924742,3865,10.096882,3854,9.914742,1104,10.106882,1526,9.904742,3097,10.116882,1107
7100000000,000001.SZ,quote,10.010512,2922,-1,9.993071,1990,10.027953,1557,9.983071,4044,10.037953,4619,9.973071,953,10.047953,1517,9.963071,4744,10.057953,1753,9.953071,2991,10.067953,1848,9.943071,1826,10.077953,3143,9.933071,2347,10.087953,3334,9.923071,4750,10.097953,2826,9.913071,1146,10.107953,2552,9.903071,2108,10.117953,2748
7200000000,000001.SZ,quote,10.008263,4470,-1,9.99384,4617,10.022686,1881,9.98384,1763,10.032686,1902,9.97384,3265,10.042686,837,9.96384,732,10.052686,1165,9.95384,872,10.062686,2668,9.94384,2226,10.072686,3912,9.93384,748,10.082686,4579,9.92384,4969,10.092686,2872,9.91384,2974,10.102686,4456,9.90384,2506,10.112686,3826
7300000000,000001.SZ,quote,10.007048,590,-1,9.994464,4101,10.019631,3904,9.984464,4466,10.029631,4304,9.974464,2171,10.039631,3286,9.964464,1676,10.049631,3060,9.954464,3115,10.059631,3329,9.944464,3766,10.069631,1571,9.934464,3535,10.079631,4718,9.924464,1369,10.089631,3114,9.914464,2480,10.099631,4321,9.904464,1503,10.109631,2691
7400000000,000001.SZ,quote,10.006745,514,1,9.993618,3646,10.019872,3925,9.983618,2533,10.029872,1808,9.973618,3182,10.039872,3061,9.963618,2055,10.049872,1805,9.953618,4581,10.059872,4716,9.943618,4324,10.069872,4585,9.933618,3027,10.079872,4574,9.923618,689,10.089872,1237,9.913618,3721,10.099872,4640,9.903618,4245,10.109872,2472
7500000000,000001.SZ,quote,10.005036,514,1,9.990213,4554,10.019859,4355,9.980213,2840,10.029859,4896,9.970213,566,10.039859,1380,9.960213,4030,10.049859,1597,9.950213,2666,10.059859,3496,9.940213,3803,10.069859,3497,9.930213,870,10.079859,3781,9.920213,919,10.089859,2094,9.910213,3469,10.099859,2864,9.900213,1102,10.109859,3664
7600000000,000001.SZ,quote,10.005062,2391,-1,9.986946,1554,10.023177,1292,9.976946,3726,10.033177,3557,9.966946,3277,10.043177,3495,9.956946,1681,10.053177,2130,9.946946,4670,10.063177,3788,9.936946,4596,10.073177,829,9.926946,871,10.083177,818,9.916946,1622,10.093177,3228,9.906946,4380,10.103177,4754,9.896946,4243,10.113177,1720
7700000000,000001.SZ,quote,10.005699,2786,1,9.989575,1831,10.021823,3719,9.979575,2951,10.031823,3255,9.969575,4655,10.041823,4675,9.959575,4860,10.051823,4512,9.949575,2955,10.061823,4390,9.939575,636,10.071823,3517,9.929575,3213,10.081823,1397,9.919575,3912,10.091823,3020,9.909575,718,10.101823,4387,9.899575,2675,10.111823,2364
7800000000,000001.SZ,quote,10.007028,1496,1,9.990359,1710,10.023696,2484,9.980359,758,10.033696,1400,9.970359,2062,10.043696,655,9.960359,4112,10.053696,3069,9.950359,3930,10.063696,1740,9.940359,3882,10.073696,2170,9.930359,3861,10.083696,4610,9.920359,4363,10.093696,1010,9.910359,1631,10.103696,4749,9.900359,2198,10.113696,3162
7900000000,000001.SZ,quote,10.010016,3186,1,9.994189,1918,10.025843,4265,9.984189,4867,10.035843,3304,9.974189,4975,10.045843,3402,9.964189,2665,10.055843,4466,9.954189,2075,10.065843,2519,9.944189,2785,10.075843,2945,9.934189,2342,10.085843,2938,9.924189,2867,10.095843,2198,9.914189,4505,10.105843,3097,9.904189,4430,10.115843,3357
8000000000,000001.SZ,quote,10.010379,2340,1,9.990903,1498,10.029855,4949,9.980903,3610,10.039855,3732,9.970903,3327,10.049855,1699,9.960903,2879,10.059855,844,9.950903,2856,10.069855,1147,9.940903,3337,10.079855,4123,9.930903,2600,10.089855,4424,9.920903,2252,10.099855,2155,9.910903,4912,10.109855,2721,9.900903,2725,10.119855,1624
8100000000,000001.SZ,quote,10.008035,2060,-1,9.990107,915,10.025962,4850,9.980107,2348,10.035962,2407,9.970107,930,10.045962,1320,9.960107,3885,10.055962,3205,9.950107,4369,10.065962,1323,9.940107,1626,10.075962,542,9.930107,1793,10.085962,3833,9.920107,4396,10.095962,4411,9.910107,2133,10.105962,2853,9.900107,3131,10.115962,2838
8200000000,000001.SZ,quote,10.00891,832,-1,9.989646,4883,10.028173,805,9.979646,1934,10.038173,3923,9.969646,1940,10.048173,797,9.959646,3752,10.058173,4558,9.949646,2026,10.068173,2871,9.939646,806,10.078173,575,9.929646,2944,10.088173,1379,9.919646,3244,10.098173,2831,9.909646,4222,10.108173,4950,9.899646,4795,10.118173,4546
8300000000,000001.SZ,quote,10.011246,4230,1,9.998172,2735,10.024319,2079,9.988172,1422,10.034319,3208,9.978172,1831,10.044319,4259,9.968172,2607,10.054319,2025,9.958172,615,10.064319,3261,9.948172,2916,10.074319,2082,9.938172,1937,10.084319,3821,9.928172,4003,10.094319,4721,9.918172,3186,10.104319,1210,9.908172,3783,10.114319,1281
8400000000,000001.SZ,quote,10.009354,2750,-1,9.996229,555,10.022479,2636,9.986229,3642,10.032479,2429,9.976229,4159,10.042479,2687,9.966229,3200,10.052479,2973,9.956229,593,10.062479,2642,9.946229,3445,10.072479,2435,9.936229,1008,10.082479,1468,9.926229,4312,10.092479,3013,9.916229,1808,10.102479,3821,9.906229,4616,10.112479,3047
8500000000,000001.SZ,quote,10.010496,2516,1,9.993386,2309,10.027606,2295,9.983386,1594,10.037606,4417,9.973386,1754,10.047606,4227,9.963386,3560,10.057606,3906,9.953386,4999,10.067606,4357,9.943386,4903,10.077606,2289,9.933386,2527,10.087606,1170,9.923386,4804,10.097606,4159,9.913386,4826,10.107606,3463,9.903386,1139,10.117606,1419
8600000000,000001.SZ,quote,10.007866,4240,-1,9.991485,4896,10.024248,1727,9.981485,1847,10.034248,3187,9.971485,4762,10.044248,4119,9.961485,1452,10.054248,2182,9.951485,4504,10.064248,1244,9.941485,4680,10.074248,4149,9.931485,955,10.084248,4214,9.921485,1580,10.094248,4704,9.911485,3903,10.104248,4242,9.901485,972,10.114248,4287
8700000000,000001.SZ,quote,10.008903,278,1,9.994438,2584,10.023368,524,9.984438,2285,10.033368,1098,9.974438,871,10.043368,3970,9.964438,3322,10.053368,1022,9.954438,4933,10.063368,993,9.944438,1065,10.073368,4367,9.934438,759,10.083368,2851,9.924438,3849,10.093368,1974,9.914438,1609,10.103368,3943,9.904438,3567,10.113368,3633
8800000000,000001.SZ,quote,10.008594,3192,1,9.989257,1157,10.027931,4917,9.979257,1589,10.037931,3348,9.969257,1471,10.047931,1962,9.959257,4901,10.057931,3719,9.949257,4832,10.067931,1543,9.939257,2324,10.077931,528,9.929257,686,10.087931,2944,9.919257,4292,10.097931,4960,9.909257,3974,10.107931,4857,9.899257,3607,10.117931,2381
8900000000,000001.SZ,quote,10.007079,2358,-1,9.99231,1424,10.021849,763,9.98231,3934,10.031849,628,9.97231,2471,10.041849,2188,9.96231,1051,10.051849,1326,9.95231,775,10.061849,4157,9.94231,898,10.071849,2504,9.93231,862,10.081849,3795,9.92231,4095,10.091849,2419,9.91231,4921,10.101849,2279,9.90231,962,10.111849,1647
9000000000,000001.SZ,quote,10.007103,4819,1,9.992789,3126,10.021417,2440,9.982789,2972,10.031417,1673,9.972789,4770,10.041417,2310,9.962789,3887,10.051417,2961,9.952789,2754,10.061417,999,9.942789,1934,10.071417,3999,9.932789,4560,10.081417,884,9.922789,3321,10.091417,3622,9.912789,4796,10.101417,3111,9.902789,3910,10.111417,3844
9100000000,000001.SZ,quote,10.004998,4506,1,9.989986,2474,10.02001,2346,9.979986,2963,10.03001,1682,9.969986,4293,10.04001,972,9.959986,3880,10.05001,3912,9.949986,4841,10.06001,1598,9.939986,3681,10.07001,2489,9.929986,2588,10.08001,2165,9.919986,3205,10.09001,1147,9.909986,4184,10.10001,3539,9.899986,1257,10.11001,4887
9200000000,000001.SZ,quote,10.006346,2299,1,9.992822,823,10.019869,1096,9.982822,2041,10.029869,2277,9.972822,4427,10.039869,2211,9.962822,3227,10.049869,2983,9.952822,625,10.059869,2235,9.942822,2056,10.069869,1461,9.932822,4423,10.079869,2487,9.922822,2175,10.089869,3749,9.912822,2460,10.099869,3134,9.902822,2818,10.109869,3618
9300000000,000001.SZ,quote,10.006143,2626,1,9.988953,3446,10.023333,4700,9.978953,4573,10.033333,4317,9.968953,1307,10.043333,4346,9.958953,3123,10.053333,2164,9.948953,3536,10.063333,3063,9.938953,3890,10.073333,874,9.928953,2312,10.083333,1695,9.918953,632,10.093333,2636,9.908953,3920,10.103333,2918,9.898953,1748,10.113333,2107
9400000000,000001.SZ,quote,10.005122,2113,1,9.990084,3265,10.020161,2608,9.980084,4502,10.030161,4518,9.970084,4275,10.040161,1878,9.960084,3385,10.050161,1886,9.950084,1646,10.060161,4977,9.940084,4500,10.070161,2007,9.930084,4941,10.080161,981,9.920084,4792,10.090161,777,9.910084,1108,10.100161,897,9.900084,552,10.110161,3878
9500000000,000001.SZ,quote,10.002947,656,-1,9.985902,574,10.019993,2291,9.975902,4642,10.029993,4235,9.965902,3557,10.039993,995,9.955902,4458,10.049993,4496,9.945902,628,10.059993,554,9.935902,4859,10.069993,3869,9.925902,597,10.079993,637,9.915902,4836,10.089993,2750,9.905902,4888,10.099993,2848,9.895902,640,10.109993,4614
9600000000,000001.SZ,quote,10.004826,1568,-1,9.987434,1289,10.022218,4795,9.977434,1719,10.032218,2474,9.967434,2072,10.042218,4812,9.957434,2567,10.052218,3403,9.947434,2689,10.062218,3751,9.937434,1147,10.072218,3556,9.927434,3826,10.082218,4260,9.917434,2492,10.092218,2350,9.907434,2957,10.102218,1160,9.897434,759,10.112218,1265
9700000000,000001.SZ,quote,10.004258,3999,-1,9.98924,577,10.019275,1903,9.97924,1177,10.029275,4594,9.96924,4054,10.039275,3213,9.95924,1281,10.049275,4826,9.94924,848,10.059275,2382,9.93924,2231,10.069275,4395,9.92924,2720,10.079275,881,9.91924,1109,10.089275,2796,9.90924,4948,10.099275,769,9.89924,1969,10.109275,3076
9800000000,000001.SZ,quote,10.001352,1281,1,9.987695,1130,10.015009,2951,9.977695,1830,10.025009,2469,9.967695,3687,10.035009,4928,9.957695,3217,10.045009,3644,9.947695,1646,10.055009,1142,9.937695,4602,10.065009,3333,9.927695,939,10.075009,1300,9.917695,4080,10.085009,2401,9.907695,1122,10.095009,3290,9.897695,3749,10.105009,3173
9900000000,000001.SZ,quote,9.99853,3790,1,9.984343,2368,10.012716,3414,9.974343,3575,10.022716,4037,9.964343,2021,10.032716,3613,9.954343,1202,10.042716,2919,9.944343,2518,10.052716,1102,9.934343,1172,10.062716,2695,9.924343,1763,10.072716,3612,9.914343,1763,10.082716,3691,9.904343,3094,10.092716,3454,9.894343,1372,10.102716,1249
10000000000,000001.SZ,quote,9.995561,3048,1,9.981095,1337,10.010027,1585,9.971095,1215,10.020027,2035,9.961095,4030,10.030027,4176,9.951095,4697,10.040027,3842,9.941095,1346,10.050027,715,9.931095,1234,10.060027,3399,9.921095,1262,10.070027,3157,9.911095,3655,10.080027,601,9.901095,2890,10.090027,3889,9.891095,3676,10.100027,1193
10100000000,000001.SZ,quote,9.99691,2088,-1,9.980433,3618,10.013386,1888,9.970433,1637,10.023386,2702,9.960433,2966,10.033386,2698,9.950433,4539,10.043386,1695,9.940433,1018,10.053386,1869,9.930433,4060,10.063386,2760,9.920433,3949,10.073386,2955,9.910433,4466,10.083386,1130,9.900433,3458,10.093386,2561,9.890433,2520,10.103386,4561
10200000000,000001.SZ,quote,9.997473,976,-1,9.983908,2995,10.011037,555,9.973908,3741,10.021037,3221,9.963908,3612,10.031037,3199,9.953908,4106,10.041037,3242,9.943908,4027,10.051037,1615,9.933908,2961,10.061037,3126,9.923908,2145,10.071037,4424,9.913908,3073,10.081037,1955,9.903908,3762,10.091037,3114,9.893908,2887,10.101037,4522
10300000000,000001.SZ,quote,10.000279,2769,1,9.982023,2796,10.018535,3718,9.972023,3490,10.028535,1432,9.962023,2136,10.038535,4969,9.952023,1973,10.048535,720,9.942023,4281,10.058535,2217,9.932023,4091,10.068535,2886,9.922023,1066,10.078535,3851,9.912023,4590,10.088535,1640,9.902023,2980,10.098535,2482,9.892023,2569,10.108535,1762
10400000000,000001.SZ,quote,10.001571,705,1,9.983258,4425,10.019883,3783,9.973258,4877,10.029883,4650,9.963258,3926,10.039883,4953,9.953258,801,10.049883,3445,9.943258,4898,10.059883,1196,9.933258,1395,10.069883,2533,9.923258,3408,10.079883,1862,9.913258,862,10.089883,3773,9.903258,3216,10.099883,4026,9.893258,1367,10.109883,586
10500000000,000001.SZ,quote,9.999162,4349,-1,9.985386,4151,10.012938,3564,9.975386,3704,10.022938,4293,9.965386,4599,10.032938,1734,9.955386,3325,10.042938,701,9.945386,4454,10.052938,1356,9.935386,2920,10.062938,3907,9.925386,1203,10.072938,1450,9.915386,1660,10.082938,3353,9.905386,3055,10.092938,3310,9.895386,4230,10.102938,2194
10600000000,000001.SZ,quote,9.999289,899,1,9.984503,4206,10.014075,3112,9.974503,1050,10.024075,2959,9.964503,866,10.034075,1442,9.954503,685,10.044075,3310,9.944503,1395,10.054075,1846,9.934503,2498,10.064075,4727,9.924503,1929,10.074075,1811,9.914503,3211,10.084075,3992,9.904503,4285,10.094075,2399,9.894503,3818,10.104075,2011
10700000000,000001.SZ,quote,9.997407,3340,-1,9.980149,2116,10.014666,4182,9.970149,4018,10.024666,3685,9.960149,536,10.034666,2259,9.950149,2185,10.044666,2780,9.940149,1012,10.054666,1333,9.930149,4898,10.064666,2031,9.920149,3496,10.074666,3170,9.910149,2114,10.084666,4248,9.900149,1433,10.094666,2649,9.890149,4509,10.104666,4823
10800000000,000001.SZ,quote,10.000203,3283,1,9.985696,1435,10.01471,3350,9.975696,3383,10.02471,4250,9.965696,1913,10.03471,2936,9.955696,1194,10.04471,1597,9.945696,3065,10.05471,1465,9.935696,2454,10.06471,3001,9.925696,1458,10.07471,1999,9.915696,3558,10.08471,1658,9.905696,4684,10.09471,3682,9.895696,3926,10.10471,1629
10900000000,000001.SZ,quote,10.000652,4086,-1,9.985267,1866,10.016036,4511,9.975267,2866,10.026036,1649,9.965267,2032,10.036036,3077,9.955267,4194,10.046036,939,9.945267,3441,10.056036,578,9.935267,4469,10.066036,1618,9.925267,2098,10.076036,3645,9.915267,4640,10.086036,4554,9.905267,3851,10.096036,4528,9.895267,3904,10.106036,4136
11000000000,000001.SZ,quote,10.000584,352,-1,9.987922,2892,10.013245,767,9.977922,2751,10.023245,2341,9.967922,4904,10.033245,2864,9.957922,1877,10.043245,4246,9.947922,4557,10.053245,4684,9.937922,1427,10.063245,1435,9.927922,2694,10.073245,4949,9.917922,3505,10.083245,4940,9.907922,840,10.093245,4115,9.897922,4975,10.103245,2290
11100000000,000001.SZ,quote,10.003522,2127,1,9.990703,764,10.016342,4184,9.980703,2652,10.026342,3355,9.970703,1212,10.036342,4096,9.960703,1461,10.046342,2441,9.950703,2219,10.056342,3372,9.940703,4007,10.066342,1859,9.930703,1640,10.076342,2192,9.920703,2195,10.086342,986,9.910703,3373,10.096342,4860,9.900703,2802,10.106342,4913
11200000000,000001.SZ,quote,10.001533,2497,1,9.981701,2690,10.021365,4714,9.971701,1280,10.031365,1610,9.961701,3871,10.041365,985,9.951701,2771,10.051365,1539,9.941701,1587,10.061365,2545,9.931701,1698,10.071365,3138,9.921701,2527,10.081365,3717,9.911701,4509,10.091365,1664,9.901701,2701,10.101365,3893,9.891701,3573,10.111365,4202
11300000000,000001.SZ,quote,9.998986,862,1,9.980629,4723,10.017343,2779,9.970629,3523,10.027343,4224,9.960629,4498,10.037343,3181,9.950629,520,10.047343,1263,9.940629,4255,10.057343,3434,9.930629,1018,10.067343,4878,9.920629,3758,10.077343,2284,9.910629,4019,10.087343,2235,9.900629,4552,10.097343,2699,9.890629,3144,10.107343,2823
11400000000,000001.SZ,quote,9.998012,4737,1,9.981389,3315,10.014636,896,9.971389,876,10.024636,1315,9.961389,4264,10.034636,633,9.951389,1517,10.044636,1794,9.941389,4115,10.054636,4239,9.931389,505,10.064636,4004,9.921389,2157,10.074636,1580,9.911389,2972,10.084636,1802,9.901389,2744,10.094636,1264,9.891389,3452,10.104636,2551
11500000000,000001.SZ,quote,9.995507,1455,-1,9.978191,3746,10.012823,3002,9.968191,2418,10.022823,4016,9.958191,1247,10.032823,1279,9.948191,508,10.042823,2248,9.938191,4406,10.052823,1138,9.928191,1587,10.062823,2352,9.918191,4755,10.072823,4145,9.908191,576,10.082823,566,9.898191,3314,10.092823,1487,9.888191,3959,10.102823,1582
11600000000,000001.SZ,quote,9.995373,831,-1,9.981541,1345,10.009205,3066,9.971541,3511,10.019205,2951,9.961541,1623,10.029205,3635,9.951541,1590,10.039205,1670,9.941541,1060,10.049205,4845,9.931541,569,10.059205,1844,9.921541,4105,10.069205,3376,9.911541,2245,10.079205,1740,9.901541,3872,10.089205,4124,9.891541,2279,10.099205,1210
11700000000,000001.SZ,quote,9.997753,1108,1,9.984633,3379,10.010873,4017,9.974633,3076,10.020873,1645,9.964633,2529,10.030873,2768,9.954633,1190,10.040873,2532,9.944633,2834,10.050873,719,9.934633,2971,10.060873,2183,9.924633,4741,10.070873,4674,9.914633,2045,10.080873,3709,9.904633,2921,10.090873,947,9.894633,2460,10.100873,4554
11800000000,000001.SZ,quote,9.997068,4965,-1,9.983139,4827,10.010997,598,9.973139,3458,10.020997,3092,9.963139,1581,10.030997,3668,9.953139,3947,10.040997,3493,9.943139,4975,10.050997,1915,9.933139,4358,10.060997,1097,9.923139,636,10.070997,1053,9.913139,612,10.080997,2647,9.903139,2267,10.090997,826,9.893139,995,10.100997,3760
11900000000,000001.SZ,quote,9.997108,4204,1,9.980079,3969,10.014136,3795,9.970079,1175,10.024136,4895,9.960079,4904,10.034136,1750,9.950079,2773,10.044136,1184,9.940079,3038,10.054136,1147,9.930079,4688,10.064136,2164,9.920079,1772,10.074136,4894,9.910079,3176,10.084136,3700,9.900079,1041,10.094136,3040,9.890079,4083,10.104136,2454
12000000000,000001.SZ,quote,9.994455,3659,-1,9.981765,4214,10.007145,950,9.971765,3033,10.017145,1938,9.961765,1478,10.027145,603,9.951765,1624,10.037145,592,9.941765,1842,10.047145,4566,9.931765,3340,10.057145,4784,9.921765,4737,10.067145,2623,9.911765,1867,10.077145,3546,9.901765,1539,10.087145,2701,9.891765,1467,10.097145,740
12100000000,000001.SZ,quote,9.993465,4391,-1,9.978031,2654,10.0089,1131,9.968031,4564,10.0189,4228,9.958031,4684,10.0289,3450,9.948031,954,10.0389,4592,9.938031,1867,10.0489,3512,9.928031,1788,10.0589,2589,9.918031,1342,10.0689,1444,9.908031,2371,10.0789,4668,9.898031,521,10.0889,860,9.888031,600,10.0989,2503
12200000000,000001.SZ,quote,9.990741,1329,-1,9.975829,789,10.005653,3935,9.965829,2339,10.015653,3136,9.955829,2533,10.025653,3909,9.945829,3120,10.035653,2722,9.935829,1138,10.045653,3554,9.925829,1478,10.055653,4612,9.915829,931,10.065653,1969,9.905829,2328,10.075653,4725,9.895829,876,10.085653,3784,9.885829,1064,10.095653,4310
12300000000,000001.SZ,quote,9.992937,2645,1,9.974749,1207,10.011125,4241,9.964749,565,10.021125,3522,9.954749,2143,10.031125,2888,9.944749,2989,10.041125,2487,9.934749,4300,10.051125,3516,9.924749,4541,10.061125,2100,9.914749,4977,10.071125,2508,9.904749,1733,10.081125,552,9.894749,3859,10.091125,695,9.884749,2408,10.101125,4936
12400000000,000001.SZ,quote,9.992016,178,1,9.973299,511,10.010732,3582,9.963299,3019,10.020732,1351,9.953299,2180,10.030732,4840,9.943299,2451,10.040732,3939,9.933299,4530,10.050732,990,9.923299,1666,10.060732,2792,9.913299,1262,10.070732,859,9.903299,2396,10.080732,4757,9.893299,3883,10.090732,3551,9.883299,4255,10.100732,1195
12500000000,000001.SZ,quote,9.9925,3330,-1,9.976457,1010,10.008544,4063,9.966457,1570,10.018544,2439,9.956457,2889,10.028544,2638,9.946457,3080,10.038544,3719,9.936457,3172,10.048544,3105,9.926457,4208,10.058544,2727,9.916457,2413,10.068544,1111,9.906457,2160,10.078544,1615,9.896457,1392,10.088544,1773,9.886457,1365,10.098544,1846
12600000000,000001.SZ,quote,9.992198,1089,1,9.977685,2200,10.00671,4202,9.967685,3025,10.01671,4295,9.957685,2670,10.02671,1482,9.947685,1240,10.03671,1791,9.937685,2992,10.04671,830,9.927685,2261,10.05671,3185,9.917685,1715,10.06671,1247,9.907685,2533,10.07671,3414,9.897685,3746,10.08671,4706,9.887685,901,10.09671,2948
12700000000,000001.SZ,quote,9.990759,354,1,9.970833,4204,10.010684,2546,9.960833,1275,10.020684,4285,9.950833,1334,10.030684,1645,9.940833,1494,10.040684,597,9.930833,1005,10.050684,2320,9.920833,1570,10.060684,2123,9.910833,3781,10.070684,3549,9.900833,1188,10.080684,2620,9.890833,1114,10.090684,678,9.880833,1028,10.100684,2119
12800000000,000001.SZ,quote,9.993174,1155,-1,9.977626,3216,10.008721,1503,9.967626,849,10.018721,4276,9.957626,914,10.028721,1876,9.947626,4048,10.038721,3735,9.937626,4564,10.048721,741,9.927626,3635,10.058721,3995,9.917626,1915,10.068721,3399,9.907626,2258,10.078721,2033,9.897626,2752,10.088721,2792,9.887626,4153,10.098721,1717
12900000000,000001.SZ,quote,9.990382,2113,1,9.973428,4586,10.007335,3875,9.963428,4424,10.017335,999,9.953428,1218,10.027335,2791,9.943428,3637,10.037335,1624,9.933428,3934,10.047335,2133,9.923428,4807,10.057335,2541,9.913428,4953,10.067335,659,9.903428,3633,10.077335,3441,9.893428,4429,10.087335,4960,9.883428,4470,10.097335,3318
13000000000,000001.SZ,quote,9.992858,3281,1,9.976839,1973,10.008877,713,9.966839,3112,10.018877,2294,9.956839,740,10.028877,2801,9.946839,979,10.038877,4364,9.936839,4837,10.048877,3428,9.926839,2406,10.058877,1807,9.916839,1320,10.068877,2530,9.906839,2475,10.078877,2683,9.896839,4871,10.088877,958,9.886839,2297,10.098877,3681
13100000000,000001.SZ,quote,9.991987,1523,-1,9.973273,2437,10.0107,3105,9.963273,3439,10.0207,731,9.953273,3380,10.0307,1664,9.943273,2042,10.0407,4532,9.933273,4941,10.0507,3031,9.923273,1938,10.0607,4517,9.913273,810,10.0707,1239,9.903273,960,10.0807,2405,9.893273,2292,10.0907,663,9.883273,4812,10.1007,4415
13200000000,000001.SZ,quote,9.988991,1750,-1,9.969647,3291,10.008334,1953,9.959647,3150,10.018334,987,9.949647,679,10.028334,1710,9.939647,1660,10.038334,1408,9.929647,4811,10.048334,3489,9.919647,1094,10.058334,3560,9.909647,3740,10.068334,1327,9.899647,3257,10.078334,2972,9.889647,3142,10.088334,1617,9.879647,1790,10.098334,4078
13300000000,000001.SZ,quote,9.990742,2699,-1,9.971056,3423,10.010427,2328,9.961056,1936,10.020427,3599,9.951056,3013,10.030427,2912,9.941056,1543,10.040427,1955,9.931056,514,10.050427,3707,9.921056,765,10.060427,1991,9.911056,3106,10.070427,2309,9.901056,1352,10.080427,4564,9.891056,1652,10.090427,3212,9.881056,1137,10.100427,2449
13400000000,000001.SZ,quote,9.989823,826,1,9.975266,4158,10.004379,593,9.965266,2672,10.014379,2217,9.955266,2544,10.024379,1055,9.945266,3371,10.034379,2602,9.935266,1385,10.044379,510,9.925266,894,10.054379,3661,9.915266,4089,10.064379,3937,9.905266,1862,10.074379,3891,9.895266,4539,10.084379,3602,9.885266,3377,10.094379,4973
13500000000,000001.SZ,quote,9.989075,4835,-1,9.970444,1832,10.007705,4196,9.960444,1103,10.017705,773,9.950444,2915,10.027705,664,9.940444,3110,10.037705,2639,9.930444,1357,10.047705,1107,9.920444,3300,10.057705,1893,9.910444,3575,10.067705,1818,9.900444,1114,10.077705,4981,9.890444,1262,10.087705,3268,9.880444,4454,10.097705,753
13600000000,000001.SZ,quote,9.988663,3656,-1,9.971433,938,10.005892,1329,9.961433,3212,10.015892,2183,9.951433,2056,10.025892,3852,9.941433,4924,10.035892,2673,9.931433,2806,10.045892,2936,9.921433,2445,10.055892,1285,9.911433,906,10.065892,3718,9.901433,4521,10.075892,1758,9.891433,946,10.085892,3455,9.881433,531,10.095892,4002
13700000000,000001.SZ,quote,9.986188,4034,-1,9.967597,1294,10.00478,710,9.957597,2195,10.01478,1899,9.947597,2890,10.02478,1171,9.937597,4379,10.03478,1446,9.927597,3026,10.04478,3756,9.917597,4357,10.05478,4506,9.907597,2670,10.06478,1246,9.897597,4957,10.07478,3674,9.887597,2014,10.08478,3539,9.877597,3624,10.09478,3526
13800000000,000001.SZ,quote,9.984308,3702,1,9.971951,2657,9.996665,2353,9.961951,2700,10.006665,1004,9.951951,1738,10.016665,1292,9.941951,1202,10.026665,3316,9.931951,4935,10.036665,3891,9.921951,2363,10.046665,999,9.911951,3671,10.056665,4780,9.901951,3929,10.066665,4886,9.891951,4389,10.076665,2430,9.881951,4401,10.086665,2948
13900000000,000001.SZ,quote,9.981782,384,-1,9.962559,1485,10.001004,4178,9.952559,1916,10.011004,1869,9.942559,2235,10.021004,2078,9.932559,1533,10.031004,849,9.922559,3968,10.041004,1141,9.912559,4066,10.051004,2154,9.902559,1711,10.061004,2612,9.892559,3119,10.071004,1048,9.882559,1212,10.081004,3679,9.872559,3755,10.091004,3171
14000000000,000001.SZ,quote,9.983921,201,1,9.967764,1421,10.000079,3895,9.957764,1725,10.010079,1714,9.947764,1320,10.020079,1365,9.937764,1327,10.030079,2843,9.927764,4887,10.040079,3316,9.917764,3866,10.050079,2663,9.907764,3637,10.060079,4477,9.897764,4375,10.070079,806,9.887764,1910,10.080079,2756,9.877764,3801,10.090079,1678
14100000000,000001.SZ,quote,9.984631,3390,-1,9.967184,3742,10.002077,3215,9.957184,2446,10.012077,903,9.947184,4392,10.022077,2700,9.937184,3551,10.032077,665,9.927184,3267,10.042077,2982,9.917184,3047,10.052077,2796,9.907184,4527,10.062077,1304,9.897184,2367,10.072077,1600,9.887184,2961,10.082077,4129,9.877184,3128,10.092077,2707
14200000000,000001.SZ,quote,9.986004,831,-1,9.969164,4118,10.002843,2231,9.959164,3835,10.012843,4468,9.949164,4731,10.022843,3563,9.939164,960,10.032843,4721,9.929164,1802,10.042843,1037,9.919164,3048,10.052843,4651,9.909164,3804,10.062843,1611,9.899164,4794,10.072843,737,9.889164,1923,10.082843,2079,9.879164,2144,10.092843,972
14300000000,000001.SZ,quote,9.984501,3052,-1,9.968849,2744,10.000152,3517,9.958849,4302,10.010152,4637,9.948849,3751,10.020152,1514,9.938849,750,10.030152,2481,9.928849,3551,10.040152,4504,9.918849,4154,10.050152,1954,9.908849,4387,10.060152,3365,9.898849,3320,10.070152,1839,9.888849,2618,10.080152,1240,9.878849,2835,10.090152,724
14400000000,000001.SZ,quote,9.98382,4787,-1,9.970517,2313,9.997123,2344,9.960517,2193,10.007123,2704,9.950517,3854,10.017123,4704,9.940517,664,10.027123,572,9.930517,4383,10.037123,1583,9.920517,1918,10.047123,569,9.910517,2333,10.057123,2567,9.900517,3002,10.067123,2755,9.890517,3971,10.077123,3584,9.880517,3356,10.087123,4260
14500000000,000001.SZ,quote,9.982332,4365,1,9.966598,1338,9.998065,560,9.956598,4690,10.008065,3565,9.946598,2815,10.018065,2945,9.936598,1385,10.028065,4446,9.926598,1022,10.038065,3254,9.916598,2764,10.048065,3163,9.906598,2768,10.058065,2639,9.896598,2947,10.068065,2043,9.886598,1728,10.078065,4737,9.876598,2468,10.088065,965
14600000000,000001.SZ,quote,9.984164,3410,1,9.965746,1646,10.002583,708,9.955746,4574,10.012583,2921,9.945746,2625,10.022583,3928,9.935746,3814,10.032583,3680,9.925746,789,10.042583,2055,9.915746,3311,10.052583,2321,9.905746,4879,10.062583,4397,9.895746,3436,10.072583,4655,9.885746,2959,10.082583,1892,9.875746,1983,10.092583,2906
14700000000,000001.SZ,quote,9.98175,2218,-1,9.968727,3249,9.994774,1231,9.958727,2320,10.004774,3410,9.948727,2329,10.014774,3015,9.938727,3944,10.024774,3214,9.928727,3544,10.034774,2634,9.918727,2908,10.044774,4299,9.908727,1464,10.054774,4354,9.898727,939,10.064774,1083,9.888727,4368,10.074774,2093,9.878727,4599,10.084774,1481
14800000000,000001.SZ,quote,9.983955,2544,1,9.968902,942,9.999008,1735,9.958902,1625,10.009008,2140,9.948902,3307,10.019008,3852,9.938902,4248,10.029008,1673,9.928902,3091,10.039008,1977,9.918902,1162,10.049008,4494,9.908902,3224,10.059008,1948,9.898902,3067,10.069008,975,9.888902,538,10.079008,4203,9.878902,2740,10.089008,2215
14900000000,000001.SZ,quote,9.985522,1397,1,9.972173,1221,9.998871,1560,9.962173,4052,10.008871,4017,9.952173,3804,10.018871,4014,9.942173,4410,10.028871,3640,9.932173,538,10.038871,809,9.922173,4872,10.048871,2133,9.912173,3556,10.058871,615,9.902173,3139,10.068871,4850,9.892173,2061,10.078871,646,9.882173,533,10.088871,2538
15000000000,000001.SZ,quote,9.98388,2656,-1,9.964864,1341,10.002896,3642,9.954864,4623,10.012896,3007,9.944864,1868,10.022896,1034,9.934864,874,10.032896,2942,9.924864,2882,10.042896,4234,9.914864,4762,10.052896,4793,9.904864,3267,10.062896,4052,9.894864,1596,10.072896,3307,9.884864,4515,10.082896,3442,9.874864,2043,10.092896,1850
15100000000,000001.SZ,quote,9.986568,3404,-1,9.967223,2371,10.005914,2337,9.957223,1574,10.015914,2230,9.947223,679,10.025914,4633,9.937223,1884,10.035914,1508,9.927223,3503,10.045914,806,9.917223,3573,10.055914,2595,9.907223,4880,10.065914,898,9.897223,892,10.075914,1385,9.887223,661,10.085914,895,9.877223,1448,10.095914,3914
15200000000,000001.SZ,quote,9.986234,2170,1,9.973245,1754,9.999223,2183,9.963245,576,10.009223,2966,9.953245,3947,10.019223,1327,9.943245,4762,10.029223,2711,9.933245,1623,10.039223,3931,9.923245,1359,10.049223,4690,9.913245,1464,10.059223,2815,9.903245,1433,10.069223,1370,9.893245,4577,10.079223,2127,9.883245,2136,10.089223,2654
15300000000,000001.SZ,quote,9.988223,3032,1,9.968438,2919,10.008008,1813,9.958438,822,10.018008,4990,9.948438,4566,10.028008,2201,9.938438,4437,10.038008,3208,9.928438,2421,10.048008,522,9.918438,604,10.058008,1229,9.908438,1404,10.068008,4547,9.898438,1721,10.078008,1237,9.888438,4691,10.088008,1114,9.878438,1329,10.098008,2596
15400000000,000001.SZ,quote,9.989089,2525,1,9.973435,4303,10.004743,910,9.963435,1317,10.014743,1931,9.953435,823,10.024743,2880,9.943435,3450,10.034743,3061,9.933435,3989,10.044743,1449,9.923435,1278,10.054743,875,9.913435,579,10.064743,1633,9.903435,1896,10.074743,3192,9.893435,3428,10.084743,4085,9.883435,2697,10.094743,1261
15500000000,000001.SZ,quote,9.988325,1032,1,9.973583,3778,10.003067,4239,9.963583,2726,10.013067,3659,9.953583,4417,10.023067,3954,9.943583,1866,10.033067,1426,9.933583,1585,10.043067,980,9.923583,1805,10.053067,1349,9.913583,3908,10.063067,4454,9.903583,4089,10.073067,1984,9.893583,3610,10.083067,3437,9.883583,736,10.093067,1570
15600000000,000001.SZ,quote,9.988223,3469,1,9.972318,876,10.004128,1018,9.962318,2643,10.014128,3074,9.952318,601,10.024128,4799,9.942318,2334,10.034128,3271,9.932318,4752,10.044128,4785,9.922318,1280,10.054128,4045,9.912318,2536,10.064128,4447,9.902318,3332,10.074128,3652,9.892318,1717,10.084128,947,9.882318,595,10.094128,1785
15700000000,000001.SZ,quote,9.988257,4161,-1,9.972503,1113,10.004011,4527,9.962503,3126,10.014011,2473,9.952503,3210,10.024011,2778,9.942503,912,10.034011,4652,9.932503,2324,10.044011,3601,9.922503,3803,10.054011,2425,9.912503,1145,10.064011,4260,9.902503,4138,10.074011,4170,9.892503,1221,10.084011,4583,9.882503,4162,10.094011,3089
15800000000,000001.SZ,quote,9.985969,245,-1,9.96999,3804,10.001948,3877,9.95999,793,10.011948,4998,9.94999,501,10.021948,1244,9.93999,2995,10.031948,4664,9.92999,2194,10.041948,4237,9.91999,3292,10.051948,3476,9.90999,944,10.061948,2326,9.89999,4222,10.071948,3219,9.88999,4375,10.081948,3476,9.87999,4207,10.091948,1434
15900000000,000001.SZ,quote,9.983554,117,1,9.966282,3409,10.000825,2891,9.956282,4986,10.010825,4776,9.946282,3562,10.020825,1370,9.936282,875,10.030825,1844,9.926282,4533,10.040825,1650,9.916282,3852,10.050825,1376,9.906282,2583,10.060825,2104,9.896282,2036,10.070825,1489,9.886282,3718,10.080825,2266,9.876282,4244,10.090825,2061
16000000000,000001.SZ,quote,9.984854,3495,-1,9.971992,1509,9.997717,4190,9.961992,4246,10.007717,4630,9.951992,1602,10.017717,4586,9.941992,535,10.027717,4844,9.931992,897,10.037717,4045,9.921992,4456,10.047717,4664,9.911992,1951,10.057717,1922,9.901992,1551,10.067717,1348,9.891992,3673,10.077717,3136,9.881992,4629,10.087717,3651
16100000000,000001.SZ,quote,9.984366,2133,1,9.967494,3759,10.001238,3308,9.957494,2909,10.011238,4209,9.947494,1592,10.021238,1631,9.937494,3881,10.031238,4696,9.927494,2948,10.041238,4987,9.917494,3071,10.051238,2280,9.907494,2145,10.061238,2217,9.897494,2880,10.071238,3328,9.887494,1586,10.081238,1956,9.877494,4627,10.091238,4944
16200000000,000001.SZ,quote,9.985532,1045,1,9.970953,4435,10.000111,3919,9.960953,4873,10.010111,2842,9.950953,3960,10.020111,604,9.940953,4782,10.030111,1372,9.930953,707,10.040111,3620,9.920953,1690,10.050111,934,9.910953,963,10.060111,2137,9.900953,2687,10.070111,1818,9.890953,2847,10.080111,2552,9.880953,1699,10.090111,1008
16300000000,000001.SZ,quote,9.986676,4533,-1,9.972315,3438,10.001037,4207,9.962315,1339,10.011037,2337,9.952315,3685,10.021037,2446,9.942315,4685,10.031037,2856,9.932315,884,10.041037,3625,9.922315,3674,10.051037,3912,9.912315,3061,10.061037,940,9.902315,606,10.071037,2558,9.892315,2163,10.081037,4129,9.882315,2347,10.091037,3512
16400000000,000001.SZ,quote,9.988207,1709,-1,9.971834,2909,10.004579,4176,9.961834,1953,10.014579,1110,9.951834,2031,10.024579,1923,9.941834,4709,10.034579,1477,9.931834,3590,10.044579,832,9.921834,4010,10.054579,2786,9.911834,2664,10.064579,1565,9.901834,1818,10.074579,2589,9.891834,546,10.084579,3207,9.881834,4320,10.094579,1768
16500000000,000001.SZ,quote,9.985446,4989,-1,9.966017,2967,10.004875,4518,9.956017,3433,10.014875,1097,9.946017,3103,10.024875,4804,9.936017,2301,10.034875,2006,9.926017,4764,10.044875,1058,9.916017,4638,10.054875,1805,9.906017,3907,10.064875,4948,9.896017,4899,10.074875,3804,9.886017,1253,10.084875,3362,9.876017,2312,10.094875,2247
16600000000,000001.SZ,quote,9.986426,2504,-1,9.971778,4845,10.001075,4390,9.961778,572,10.011075,1439,9.951778,3334,10.021075,4150,9.941778,2468,10.031075,2497,9.931778,826,10.041075,3129,9.921778,3624,10.051075,1428,9.911778,3661,10.061075,2601,9.901778,4925,10.071075,2816,9.891778,702,10.081075,4734,9.881778,3571,10.091075,4713
16700000000,000001.SZ,quote,9.988243,459,1,9.972679,2077,10.003808,3124,9.962679,4709,10.013808,1174,9.952679,1286,10.023808,1871,9.942679,4907,10.033808,4868,9.932679,560,10.043808,1036,9.922679,2226,10.053808,2246,9.912679,3975,10.063808,1351,9.902679,2184,10.073808,4905,9.892679,4065,10.083808,1090,9.882679,1759,10.093808,694
16800000000,000001.SZ,quote,9.987998,816,-1,9.973345,944,10.002652,1958,9.963345,2563,10.012652,1077,9.953345,2364,10.022652,2618,9.943345,3839,10.032652,3678,9.933345,4195,10.042652,3813,9.923345,4047,10.052652,3091,9.913345,638,10.062652,3690,9.903345,1469,10.072652,4881,9.893345,548,10.082652,1018,9.883345,872,10.092652,1094
16900000000,000001.SZ,quote,9.987145,2474,1,9.971122,1208,10.003167,2806,9.961122,4085,10.013167,3624,9.951122,3736,10.023167,752,9.941122,4382,10.033167,1780,9.931122,4870,10.043167,2301,9.921122,1617,10.053167,3703,9.911122,4970,10.063167,2916,9.901122,1680,10.073167,2941,9.891122,3556,10.083167,591,9.881122,1658,10.093167,1509
17000000000,000001.SZ,quote,9.984395,3328,-1,9.967814,2996,10.000977,2220,9.957814,3316,10.010977,2234,9.947814,3880,10.020977,4698,9.937814,1666,10.030977,1818,9.927814,2007,10.040977,2308,9.917814,2570,10.050977,2091,9.907814,1438,10.060977,1985,9.897814,945,10.070977,4996,9.887814,4278,10.080977,1099,9.877814,2881,10.090977,1051
17100000000,000001.SZ,quote,9.982899,4856,1,9.96932,3210,9.996479,3425,9.95932,1550,10.006479,2421,9.94932,1319,10.016479,2835,9.93932,1071,10.026479,2085,9.92932,3103,10.036479,4480,9.91932,4191,10.046479,3189,9.90932,3004,10.056479,1748,9.89932,3485,10.066479,3091,9.88932,4008,10.076479,1881,9.87932,539,10.086479,3065
17200000000,000001.SZ,quote,9.981376,3672,1,9.967604,3444,9.995149,1600,9.957604,3216,10.005149,4431,9.947604,4291,10.015149,4148,9.937604,3438,10.025149,3002,9.927604,4489,10.035149,1391,9.917604,1939,10.045149,1171,9.907604,2798,10.055149,1646,9.897604,4912,10.065149,2109,9.887604,2656,10.075149,1126,9.877604,1117,10.085149,652
17300000000,000001.SZ,quote,9.983474,4866,1,9.966421,2242,10.000527,800,9.956421,2634,10.010527,4952,9.946421,4921,10.020527,4367,9.936421,1717,10.030527,3496,9.926421,3715,10.040527,2329,9.916421,2883,10.050527,1596,9.906421,4306,10.060527,4605,9.896421,4681,10.070527,1241,9.886421,3750,10.080527,3480,9.876421,4613,10.090527,586
17400000000,000001.SZ,quote,9.98445,1458,-1,9.965666,4155,10.003234,1804,9.955666,1967,10.013234,1697,9.945666,4460,10.023234,3439,9.935666,831,10.033234,2292,9.925666,4494,10.043234,2398,9.915666,1014,10.053234,2665,9.905666,3526,10.063234,2417,9.895666,850,10.073234,2193,9.885666,4742,10.083234,3459,9.875666,3679,10.093234,4347
17500000000,000001.SZ,quote,9.986957,426,1,9.967905,1345,10.00601,4771,9.957905,2740,10.01601,2657,9.947905,4959,10.02601,1924,9.937905,3585,10.03601,3600,9.927905,3492,10.04601,1137,9.917905,4732,10.05601,2560,9.907905,3582,10.06601,2325,9.897905,4730,10.07601,3824,9.887905,3390,10.08601,3326,9.877905,4488,10.09601,4449
17600000000,000001.SZ,quote,9.98928,1238,1,9.977228,1856,10.001333,2384,9.967228,1131,10.011333,4715,9.957228,2800,10.021333,2232,9.947228,1730,10.031333,2031,9.937228,1789,10.041333,3467,9.927228,1469,10.051333,2386,9.917228,3896,10.061333,3205,9.907228,1428,10.071333,4444,9.897228,4422,10.081333,4424,9.887228,2226,10.091333,1820
17700000000,000001.SZ,quote,9.990164,2096,-1,9.974877,1547,10.005451,1819,9.964877,1603,10.015451,4699,9.954877,821,10.025451,1703,9.944877,958,10.035451,1862,9.934877,2615,10.045451,1974,9.924877,4732,10.055451,3821,9.914877,652,10.065451,2822,9.904877,1202,10.075451,2274,9.894877,4179,10.085451,4361,9.884877,4445,10.095451,1897
17800000000,000001.SZ,quote,9.98848,1269,-1,9.973194,4684,10.003766,2666,9.963194,1873,10.013766,3307,9.953194,4214,10.023766,1063,9.943194,2382,10.033766,3598,9.933194,3657,10.043766,1583,9.923194,1389,10.053766,635,9.913194,2157,10.063766,4782,9.903194,4631,10.073766,3938,9.893194,1725,10.083766,1288,9.883194,1953,10.093766,4398
17900000000,000001.SZ,quote,9.99089,4453,-1,9.974091,1263,10.007688,4450,9.964091,1567,10.017688,4917,9.954091,509,10.027688,4034,9.944091,4776,10.037688,3946,9.934091,3534,10.047688,855,9.924091,4840,10.057688,4014,9.914091,2379,10.067688,4449,9.904091,3623,10.077688,3371,9.894091,1300,10.087688,3985,9.884091,1596,10.097688,2585
18000000000,000001.SZ,quote,9.990753,786,1,9.976893,4954,10.004613,3847,9.966893,2611,10.014613,2048,9.956893,544,10.024613,558,9.946893,4780,10.034613,1465,9.936893,4757,10.044613,558,9.926893,3572,10.054613,2182,9.916893,3087,10.064613,3849,9.906893,3467,10.074613,1373,9.896893,1767,10.084613,3990,9.886893,2577,10.094613,2640
18100000000,000001.SZ,quote,9.992883,3095,1,9.977494,3755,10.008271,2168,9.967494,3885,10.018271,4452,9.957494,1964,10.028271,3532,9.947494,4462,10.038271,2578,9.937494,3012,10.048271,3320,9.927494,3761,10.058271,1631,9.917494,1475,10.068271,2382,9.907494,4158,10.078271,1825,9.897494,1321,10.088271,2256,9.887494,4664,10.098271,3781
18200000000,000001.SZ,quote,9.994599,526,-1,9.976192,3687,10.013006,543,9.966192,1246,10.023006,1690,9.956192,4363,10.033006,4066,9.946192,1222,10.043006,1024,9.936192,2655,10.053006,2316,9.926192,3537,10.063006,1155,9.916192,809,10.073006,3648,9.906192,3782,10.083006,4768,9.896192,2846,10.093006,970,9.886192,1935,10.103006,4549
18300000000,000001.SZ,quote,9.994233,4344,1,9.980619,2095,10.007847,775,9.970619,4682,10.017847,4725,9.960619,2397,10.027847,1888,9.950619,795,10.037847,3446,9.940619,2459,10.047847,502,9.930619,1789,10.057847,1211,9.920619,2760,10.067847,3772,9.910619,3392,10.077847,3737,9.900619,3821,10.087847,2140,9.890619,4741,10.097847,625
18400000000,000001.SZ,quote,9.995654,838,1,9.983106,3351,10.008203,3346,9.973106,2765,10.018203,2353,9.963106,2093,10.028203,4225,9.953106,3809,10.038203,538,9.943106,2638,10.048203,1933,9.933106,3835,10.058203,4647,9.923106,1372,10.068203,1092,9.913106,4621,10.078203,2910,9.903106,3285,10.088203,1458,9.893106,4704,10.098203,2611
18500000000,000001.SZ,quote,9.997911,4809,1,9.979406,4127,10.016416,3589,9.969406,4461,10.026416,2492,9.959406,3282,10.036416,4258,9.949406,4274,10.046416,724,9.939406,4448,10.056416,1452,9.929406,2612,10.066416,1053,9.919406,3634,10.076416,2305,9.909406,2383,10.086416,3086,9.899406,3878,10.096416,3392,9.889406,4731,10.106416,4888
18600000000,000001.SZ,quote,9.994969,2133,1,9.976312,1261,10.013627,3768,9.966312,3301,10.023627,1122,9.956312,1962,10.033627,4403,9.946312,3071,10.043627,3396,9.936312,2290,10.053627,2704,9.926312,1997,10.063627,2057,9.916312,4587,10.073627,2135,9.906312,2423,10.083627,2482,9.896312,2674,10.093627,2193,9.886312,2377,10.103627,2161
18700000000,000001.SZ,quote,9.996979,3016,-1,9.978288,1373,10.01567,1482,9.968288,1142,10.02567,4535,9.958288,554,10.03567,4935,9.948288,846,10.04567,4450,9.938288,3540,10.05567,3083,9.928288,4533,10.06567,2750,9.918288,4520,10.07567,1998,9.908288,4687,10.08567,2795,9.898288,3759,10.09567,2319,9.888288,1550,10.10567,943
18800000000,000001.SZ,quote,9.997134,4529,-1,9.981748,4616,10.012519,3344,9.971748,3725,10.022519,1931,9.961748,4245,10.032519,1486,9.951748,4745,10.042519,4268,9.941748,3085,10.052519,568,9.931748,596,10.062519,2226,9.921748,3608,10.072519,1325,9.911748,3165,10.082519,3462,9.901748,2627,10.092519,2033,9.891748,4993,10.102519,2653
18900000000,000001.SZ,quote,9.995556,2910,1,9.979786,2006,10.011327,4585,9.969786,3972,10.021327,2224,9.959786,3933,10.031327,3549,9.949786,3490,10.041327,3781,9.939786,2790,10.051327,4192,9.929786,1973,10.061327,1574,9.919786,2372,10.071327,1318,9.909786,2711,10.081327,2431,9.899786,4040,10.091327,3620,9.889786,2106,10.101327,1694
19000000000,000001.SZ,quote,9.997357,3974,-1,9.979448,1946,10.015265,3953,9.969448,4592,10.025265,1601,9.959448,4735,10.035265,4874,9.949448,3086,10.045265,4486,9.939448,2957,10.055265,2555,9.929448,890,10.065265,3763,9.919448,1310,10.075265,1838,9.909448,991,10.085265,2265,9.899448,2583,10.095265,4403,9.889448,1288,10.105265,4185
19100000000,000001.SZ,quote,9.998824,3051,1,9.984746,3319,10.012902,662,9.974746,3873,10.022902,1493,9.964746,3376,10.032902,2129,9.954746,4910,10.042902,1929,9.944746,2831,10.052902,3409,9.934746,3163,10.062902,4681,9.924746,4493,10.072902,4161,9.914746,1142,10.082902,3621,9.904746,2847,10.092902,4299,9.894746,1686,10.102902,1872
19200000000,000001.SZ,quote,9.999668,3555,1,9.980239,1084,10.019096,1148,9.970239,1827,10.029096,3314,9.960239,2369,10.039096,3068,9.950239,3095,10.049096,2886,9.940239,2691,10.059096,3739,9.930239,2722,10.069096,4144,9.920239,3475,10.079096,4767,9.910239,4188,10.089096,3891,9.900239,1870,10.099096,2006,9.890239,689,10.109096,1524
19300000000,000001.SZ,quote,10.001034,755,-1,9.983738,1867,10.01833,3752,9.973738,1343,10.02833,1282,9.963738,1022,10.03833,4376,9.953738,4992,10.04833,940,9.943738,715,10.05833,3752,9.933738,4792,10.06833,1181,9.923738,1351,10.07833,2650,9.913738,1772,10.08833,1190,9.903738,3693,10.09833,3034,9.893738,2378,10.10833,2526
19400000000,000001.SZ,quote,10.00246,1135,-1,9.986915,4815,10.018005,1897,9.976915,734,10.028005,787,9.966915,3423,10.038005,3164,9.956915,4400,10.048005,4327,9.946915,4928,10.058005,2731,9.936915,4993,10.068005,4144,9.926915,1606,10.078005,4917,9.916915,1950,10.088005,4240,9.906915,4063,10.098005,4788,9.896915,4872,10.108005,3036
19500000000,000001.SZ,quote,10.004913,1960,-1,9.98906,4119,10.020767,3022,9.97906,3496,10.030767,3876,9.96906,2628,10.040767,1775,9.95906,2986,10.050767,586,9.94906,500,10.060767,4787,9.93906,1616,10.070767,3317,9.92906,2849,10.080767,4343,9.91906,4883,10.090767,568,9.90906,4529,10.100767,4408,9.89906,2954,10.110767,574
19600000000,000001.SZ,quote,10.006509,4990,-1,9.988125,559,10.024892,4990,9.978125,3560,10.034892,2044,9.968125,3872,10.044892,4080,9.958125,3733,10.054892,2547,9.948125,1837,10.064892,3692,9.938125,3599,10.074892,2307,9.928125,2654,10.084892,1148,9.918125,3958,10.094892,2462,9.908125,4732,10.104892,2727,9.898125,2832,10.114892,4857
19700000000,000001.SZ,quote,10.008361,660,-1,9.993058,1619,10.023665,2872,9.983058,1404,10.033665,4230,9.973058,4209,10.043665,2729,9.963058,4530,10.053665,2038,9.953058,3126,10.063665,658,9.943058,1746,10.073665,906,9.933058,4882,10.083665,681,9.923058,2023,10.093665,1337,9.913058,2811,10.103665,2705,9.903058,1524,10.113665,4091
19800000000,000001.SZ,quote,10.009724,1334,-1,9.995862,4543,10.023587,2279,9.985862,3300,10.033587,3942,9.975862,3052,10.043587,4582,9.965862,3542,10.053587,4298,9.955862,759,10.063587,3205,9.945862,1157,10.073587,1696,9.935862,959,10.083587,2683,9.925862,3714,10.093587,1084,9.915862,4949,10.103587,4351,9.905862,1987,10.113587,2074
19900000000,000001.SZ,quote,10.012098,3225,-1,9.998098,1499,10.026099,2539,9.988098,3652,10.036099,4128,9.978098,2524,10.046099,774,9.968098,2131,10.056099,4275,9.958098,1269,10.066099,4769,9.948098,2207,10.076099,4373,9.938098,3687,10.086099,3056,9.928098,3146,10.096099,1799,9.918098,845,10.106099,4767,9.908098,1500,10.116099,2575
20000000000,000001.SZ,quote,10.011986,3052,-1,9.997595,2284,10.026376,1425,9.987595,2433,10.036376,4056,9.977595,3158,10.046376,623,9.967595,1871,10.056376,2761,9.957595,1480,10.066376,3742,9.947595,2491,10.076376,573,9.937595,844,10.086376,4393,9.927595,1769,10.096376,3542,9.917595,1233,10.106376,2537,9.907595,1791,10.116376,4595
20100000000,000001.SZ,quote,10.009534,591,-1,9.992585,3412,10.026483,1760,9.982585,4893,10.036483,1379,9.972585,1530,10.046483,4496,9.962585,2406,10.056483,3094,9.952585,3345,10.066483,4093,9.942585,2080,10.076483,674,9.932585,3594,10.086483,3434,9.922585,1603,10.096483,2553,9.912585,823,10.106483,4475,9.902585,4084,10.116483,2914
20200000000,000001.SZ,quote,10.00979,4742,-1,9.99387,4953,10.025711,3348,9.98387,3151,10.035711,4337,9.97387,2755,10.045711,1813,9.96387,1064,10.055711,4851,9.95387,1769,10.065711,4181,9.94387,2922,10.075711,2657,9.93387,4936,10.085711,3507,9.92387,4219,10.095711,505,9.91387,4644,10.105711,3605,9.90387,2019,10.115711,653
20300000000,000001.SZ,quote,10.010509,2056,1,9.995596,1018,10.025421,4915,9.985596,3674,10.035421,2055,9.975596,4793,10.045421,4575,9.965596,1762,10.055421,2819,9.955596,3142,10.065421,3857,9.945596,3138,10.075421,1404,9.935596,1288,10.085421,4786,9.925596,1046,10.095421,858,9.915596,1563,10.105421,1963,9.905596,756,10.115421,2155
20400000000,000001.SZ,quote,10.008151,360,1,9.994618,4513,10.021684,4807,9.984618,2596,10.031684,902,9.974618,3501,10.041684,2308,9.964618,1080,10.051684,607,9.954618,2209,10.061684,4525,9.944618,1155,10.071684,4334,9.934618,997,10.081684,3456,9.924618,3907,10.091684,3523,9.914618,977,10.101684,2677,9.904618,4833,10.111684,833
20500000000,000001.SZ,quote,10.009557,738,-1,9.990881,4755,10.028233,1295,9.980881,1329,10.038233,2392,9.970881,4855,10.048233,3656,9.960881,2052,10.058233,2082,9.950881,4810,10.068233,2537,9.940881,1965,10.078233,3901,9.930881,1364,10.088233,3432,9.920881,4257,10.098233,3998,9.910881,1352,10.108233,1866,9.900881,1977,10.118233,3789
20600000000,000001.SZ,quote,10.009585,4473,1,9.992325,3386,10.026845,3081,9.982325,3159,10.036845,3545,9.972325,3877,10.046845,4027,9.962325,3149,10.056845,2471,9.952325,4969,10.066845,2252,9.942325,3572,10.076845,2581,9.932325,3449,10.086845,4206,9.922325,4165,10.096845,3752,9.912325,501,10.106845,783,9.902325,2830,10.116845,633
20700000000,000001.SZ,quote,10.009691,2572,-1,9.989744,2960,10.029638,2317,9.979744,2259,10.039638,3079,9.969744,677,10.049638,2760,9.959744,4688,10.059638,1767,9.949744,1272,10.069638,809,9.939744,4271,10.079638,3413,9.929744,1778,10.089638,1633,9.919744,2670,10.099638,3507,9.909744,2546,10.109638,2408,9.899744,2599,10.119638,2960
20800000000,000001.SZ,quote,10.007242,1881,-1,9.992044,3159,10.022441,4452,9.982044,1916,10.032441,4499,9.972044,1281,10.042441,2960,9.962044,806,10.052441,3625,9.952044,1142,10.062441,958,9.942044,3239,10.072441,3350,9.932044,4057,10.082441,3912,9.922044,1487,10.092441,2357,9.912044,593,10.102441,3633,9.902044,943,10.112441,2996
20900000000,000001.SZ,quote,10.007389,4727,-1,9.992834,3177,10.021943,4615,9.982834,2308,10.031943,1754,9.972834,913,10.041943,3718,9.962834,4150,10.051943,4634,9.952834,1237,10.061943,2319,9.942834,4038,10.071943,2873,9.932834,3730,10.081943,1712,9.922834,1582,10.091943,3253,9.912834,1176,10.101943,4398,9.902834,903,10.111943,4990
21000000000,000001.SZ,quote,10.006784,4210,1,9.994103,1568,10.019464,1604,9.984103,4439,10.029464,2122,9.974103,4496,10.039464,3738,9.964103,2106,10.049464,4794,9.954103,2517,10.059464,2485,9.944103,1086,10.069464,2681,9.934103,4023,10.079464,3149,9.924103,1233,10.089464,1421,9.914103,3888,10.099464,3969,9.904103,3492,10.109464,3353
21100000000,000001.SZ,quote,10.004927,298,1,9.99017,1886,10.019683,3364,9.98017,4122,10.029683,1694,9.97017,4108,10.039683,867,9.96017,2412,10.049683,2135,9.95017,3562,10.059683,1777,9.94017,1202,10.069683,1420,9.93017,946,10.079683,2491,9.92017,1709,10.089683,2856,9.91017,612,10.099683,3312,9.90017,1411,10.109683,2999
21200000000,000001.SZ,quote,10.004627,1812,-1,9.992445,2169,10.016809,4976,9.982445,4786,10.026809,2618,9.972445,4995,10.036809,4456,9.962445,1657,10.046809,650,9.952445,3585,10.056809,4815,9.942445,856,10.066809,2592,9.932445,1895,10.076809,992,9.922445,2826,10.086809,2144,9.912445,2722,10.096809,934,9.902445,4308,10.106809,568
21300000000,000001.SZ,quote,10.002027,3050,-1,9.984744,656,10.01931,2896,9.974744,3666,10.02931,2393,9.964744,3618,10.03931,4665,9.954744,1315,10.04931,3084,9.944744,4470,10.05931,4854,9.934744,1221,10.06931,2027,9.924744,2129,10.07931,4601,9.914744,4251,10.08931,676,9.904744,825,10.09931,2526,9.894744,4836,10.10931,2997
21400000000,000001.SZ,quote,10.001028,1386,-1,9.985881,3340,10.016175,3382,9.975881,3411,10.026175,2976,9.965881,2434,10.036175,4606,9.955881,2759,10.046175,1007,9.945881,2610,10.056175,3671,9.935881,741,10.066175,2795,9.925881,2347,10.076175,1742,9.915881,3299,10.086175,3718,9.905881,1624,10.096175,1219,9.895881,3631,10.106175,4765
21500000000,000001.SZ,quote,10.003792,1963,1,9.986892,2469,10.020691,1751,9.976892,3993,10.030691,3059,9.966892,3197,10.040691,4179,9.956892,4941,10.050691,1579,9.946892,2193,10.060691,1635,9.936892,4934,10.070691,2157,9.926892,1631,10.080691,3031,9.916892,4791,10.090691,1607,9.906892,4023,10.100691,1689,9.896892,1794,10.110691,3100
21600000000,000001.SZ,quote,10.001199,1069,-1,9.984935,3101,10.017462,1692,9.974935,741,10.027462,3110,9.964935,3891,10.037462,3868,9.954935,2985,10.047462,4129,9.944935,2742,10.057462,1744,9.934935,2039,10.067462,1374,9.924935,1577,10.077462,2013,9.914935,714,10.087462,2686,9.904935,2391,10.097462,2402,9.894935,2391,10.107462,713
21700000000,000001.SZ,quote,10.000354,4004,-1,9.982849,4615,10.017859,4340,9.972849,3563,10.027859,2007,9.962849,3674,10.037859,4525,9.952849,4381,10.047859,1626,9.942849,1841,10.057859,2083,9.932849,2353,10.067859,764,9.922849,3847,10.077859,622,9.912849,2710,10.087859,3883,9.902849,2323,10.097859,2161,9.892849,2175,10.107859,1041
21800000000,000001.SZ,quote,9.998417,3698,1,9.978779,3161,10.018054,4248,9.968779,2521,10.028054,4002,9.958779,3816,10.038054,842,9.948779,3616,10.048054,3063,9.938779,3728,10.058054,4892,9.928779,4802,10.068054,815,9.918779,4765,10.078054,1395,9.908779,4199,10.088054,4242,9.898779,847,10.098054,2512,9.888779,4749,10.108054,4906
21900000000,000001.SZ,quote,9.99779,4668,1,9.979909,4728,10.015672,903,9.969909,2055,10.025672,2885,9.959909,4100,10.035672,3760,9.949909,2994,10.045672,2842,9.939909,4279,10.055672,1863,9.929909,3960,10.065672,2911,9.919909,946,10.075672,4735,9.909909,1665,10.085672,4297,9.899909,4200,10.095672,1240,9.889909,4601,10.105672,1427
22000000000,000001.SZ,quote,9.995869,4576,-1,9.979185,3720,10.012552,3887,9.969185,3149,10.022552,4193,9.959185,704,10.032552,1965,9.949185,4216,10.042552,2154,9.939185,4224,10.052552,1238,9.929185,2548,10.062552,3154,9.919185,1843,10.072552,1512,9.909185,1247,10.082552,1435,9.899185,4181,10.092552,3473,9.889185,1198,10.102552,4791
22100000000,000001.SZ,quote,9.997113,4291,-1,9.979298,3602,10.014928,3617,9.969298,859,10.024928,1899,9.959298,3245,10.034928,1729,9.949298,1828,10.044928,1684,9.939298,1965,10.054928,920,9.929298,3937,10.064928,3023,9.919298,3035,10.074928,4155,9.909298,2865,10.084928,1980,9.899298,1463,10.094928,1577,9.889298,2161,10.104928,528
22200000000,000001.SZ,quote,9.997848,3857,1,9.983823,4584,10.011873,4952,9.973823,547,10.021873,4542,9.963823,2448,10.031873,2276,9.953823,4397,10.041873,4217,9.943823,3859,10.051873,4119,9.933823,1150,10.061873,553,9.923823,2504,10.071873,4983,9.913823,2778,10.081873,2200,9.903823,900,10.091873,2014,9.893823,1714,10.101873,951
22300000000,000001.SZ,quote,9.998768,365,1,9.986474,3212,10.011061,1218,9.976474,901,10.021061,1392,9.966474,3915,10.031061,1960,9.956474,1821,10.041061,2829,9.946474,1953,10.051061,4230,9.936474,3450,10.061061,793,9.926474,1262,10.071061,2951,9.916474,3144,10.081061,3519,9.906474,3604,10.091061,1054,9.896474,4000,10.101061,1031
22400000000,000001.SZ,quote,9.997525,2348,1,9.984448,4817,10.010601,3889,9.974448,4797,10.020601,2219,9.964448,2212,10.030601,976,9.954448,1395,10.040601,4833,9.944448,1218,10.050601,4462,9.934448,2852,10.060601,3998,9.924448,3092,10.070601,2627,9.914448,4804,10.080601,3398,9.904448,1562,10.090601,4566,9.894448,4757,10.100601,4577
22500000000,000001.SZ,quote,9.99748,2006,1,9.98404,2085,10.010919,512,9.97404,1468,10.020919,696,9.96404,4308,10.030919,1466,9.95404,2198,10.040919,3896,9.94404,3891,10.050919,872,9.93404,3234,10.060919,3364,9.92404,2239,10.070919,592,9.91404,2148,10.080919,2807,9.90404,2584,10.090919,1055,9.89404,3021,10.100919,2959
22600000000,000001.SZ,quote,9.99752,150,-1,9.982928,3230,10.012111,3296,9.972928,3744,10.022111,738,9.962928,1938,10.032111,2089,9.952928,3207,10.042111,3268,9.942928,4424,10.052111,4387,9.932928,791,10.062111,1612,9.922928,4444,10.072111,1772,9.912928,4273,10.082111,4898,9.902928,3245,10.092111,4288,9.892928,3891,10.102111,958
22700000000,000001.SZ,quote,9.99953,2684,-1,9.985136,2206,10.013925,3217,9.975136,3396,10.023925,1042,9.965136,1723,10.033925,2797,9.955136,755,10.043925,3278,9.945136,3573,10.053925,4876,9.935136,1859,10.063925,3691,9.925136,2035,10.073925,1457,9.915136,3025,10.083925,3076,9.905136,759,10.093925,2724,9.895136,3890,10.103925,1211
22800000000,000001.SZ,quote,9.999513,3802,1,9.985612,2270,10.013414,4801,9.975612,2976,10.023414,1933,9.965612,1419,10.033414,3565,9.955612,806,10.043414,2155,9.945612,1258,10.053414,4135,9.935612,4645,10.063414,704,9.925612,4453,10.073414,4596,9.915612,1762,10.083414,2058,9.905612,3286,10.093414,4460,9.895612,4789,10.103414,3042
22900000000,000001.SZ,quote,10.001166,904,-1,9.98802,2180,10.014312,799,9.97802,4263,10.024312,3675,9.96802,4779,10.034312,1448,9.95802,533,10.044312,3047,9.94802,860,10.054312,1213,9.93802,3230,10.064312,4324,9.92802,877,10.074312,1344,9.91802,4764,10.084312,3059,9.90802,684,10.094312,3057,9.89802,2219,10.104312,3128
23000000000,000001.SZ,quote,9.999369,4460,1,9.985077,4113,10.013662,1463,9.975077,2733,10.023662,1723,9.965077,1790,10.033662,2741,9.955077,1437,10.043662,624,9.945077,4711,10.053662,1338,9.935077,2192,10.063662,4944,9.925077,3369,10.073662,5000,9.915077,3109,10.083662,2720,9.905077,1659,10.093662,2820,9.895077,2505,10.103662,1903
23100000000,000001.SZ,quote,9.996797,2874,1,9.979891,915,10.013703,1565,9.969891,737,10.023703,4356,9.959891,913,10.033703,1367,9.949891,3642,10.043703,940,9.939891,1205,10.053703,3993,9.929891,3710,10.063703,1966,9.919891,4152,10.073703,3413,9.909891,3059,10.083703,3222,9.899891,2123,10.093703,4870,9.889891,1143,10.103703,4314
23200000000,000001.SZ,quote,9.997203,3936,-1,9.98446,4232,10.009947,3042,9.97446,4312,10.019947,4354,9.96446,2398,10.029947,2333,9.95446,1677,10.039947,2613,9.94446,3477,10.049947,3711,9.93446,2002,10.059947,3206,9.92446,3160,10.069947,4213,9.91446,4493,10.079947,747,9.90446,1035,10.089947,4393,9.89446,1424,10.099947,3379
23300000000,000001.SZ,quote,9.997075,2412,1,9.978309,1543,10.015841,4661,9.968309,1343,10.025841,3823,9.958309,1376,10.035841,3169,9.948309,1081,10.045841,2974,9.938309,4864,10.055841,4276,9.928309,3783,10.065841,3886,9.918309,2454,10.075841,2496,9.908309,4988,10.085841,1802,9.898309,4451,10.095841,3644,9.888309,1041,10.105841,3291
23400000000,000001.SZ,quote,9.995325,3631,1,9.977772,3303,10.012877,4960,9.967772,2434,10.022877,1917,9.957772,1138,10.032877,4486,9.947772,1436,10.042877,4292,9.937772,3165,10.052877,1299,9.927772,4147,10.062877,1943,9.917772,3023,10.072877,3824,9.907772,1070,10.082877,1390,9.897772,3604,10.092877,3182,9.887772,4549,10.102877,1003
23500000000,000001.SZ,quote,9.992868,4857,-1,9.974332,1701,10.011404,1722,9.964332,4210,10.021404,4852,9.954332,2887,10.031404,3694,9.944332,4163,10.041404,2102,9.934332,2184,10.051404,3093,9.924332,2955,10.061404,2994,9.914332,4061,10.071404,3320,9.904332,1231,10.081404,566,9.894332,4681,10.091404,3811,9.884332,1544,10.101404,2909
23600000000,000001.SZ,quote,9.990242,535,-1,9.971034,3442,10.009451,1398,9.961034,2811,10.019451,755,9.951034,2427,10.029451,4036,9.941034,3729,10.039451,3106,9.931034,3635,10.049451,3826,9.921034,3625,10.059451,4065,9.911034,4965,10.069451,2230,9.901034,1920,10.079451,4390,9.891034,1639,10.089451,2041,9.881034,3650,10.099451,3451
23700000000,000001.SZ,quote,9.992282,1128,-1,9.979048,595,10.005516,1087,9.969048,628,10.015516,1679,9.959048,4487,10.025516,4077,9.949048,1612,10.035516,1193,9.939048,1624,10.045516,3906,9.929048,4235,10.055516,3987,9.919048,1972,10.065516,4222,9.909048,4673,10.075516,3974,9.899048,4186,10.085516,3651,9.889048,3410,10.095516,2349
23800000000,000001.SZ,quote,9.990397,4834,1,9.97356,2439,10.007234,4610,9.96356,2705,10.017234,3865,9.95356,4974,10.027234,3506,9.94356,774,10.037234,810,9.93356,4458,10.047234,3519,9.92356,1427,10.057234,4444,9.91356,1155,10.067234,1663,9.90356,4812,10.077234,2789,9.89356,4308,10.087234,4734,9.88356,1140,10.097234,4787
23900000000,000001.SZ,quote,9.992736,3970,-1,9.980029,4917,10.005444,3059,9.970029,932,10.015444,3314,9.960029,4882,10.025444,588,9.950029,4340,10.035444,4219,9.940029,4699,10.045444,4343,9.930029,3215,10.055444,3948,9.920029,3391,10.065444,2913,9.910029,2869,10.075444,1872,9.900029,789,10.085444,2990,9.890029,2633,10.095444,1003
24000000000,000001.SZ,quote,9.993512,4792,-1,9.976887,2890,10.010137,723,9.966887,2849,10.020137,4471,9.956887,1175,10.030137,1538,9.946887,4641,10.040137,1129,9.936887,2776,10.050137,2564,9.926887,1585,10.060137,2801,9.916887,2754,10.070137,2604,9.906887,616,10.080137,1413,9.896887,1930,10.090137,1738,9.886887,4158,10.100137,3529
24100000000,000001.SZ,quote,9.995359,2034,1,9.981269,1981,10.009449,4820,9.971269,771,10.019449,3308,9.961269,1191,10.029449,1688,9.951269,1762,10.039449,4562,9.941269,3882,10.049449,3638,9.931269,2449,10.059449,4105,9.921269,1870,10.069449,2227,9.911269,3326,10.079449,945,9.901269,2665,10.089449,1450,9.891269,930,10.099449,1872
24200000000,000001.SZ,quote,9.995143,4001,-1,9.979333,3611,10.010953,3695,9.969333,4387,10.020953,2651,9.959333,1689,10.030953,4845,9.949333,4061,10.040953,597,9.939333,2865,10.050953,4176,9.929333,3629,10.060953,3086,9.919333,4843,10.070953,836,9.909333,1297,10.080953,4852,9.899333,3398,10.090953,4037,9.889333,2733,10.100953,3244
24300000000,000001.SZ,quote,9.993765,2191,1,9.975347,4277,10.012184,2480,9.965347,2096,10.022184,4759,9.955347,3264,10.032184,1973,9.945347,3066,10.042184,4986,9.935347,586,10.052184,569,9.925347,1056,10.062184,597,9.915347,3868,10.072184,1300,9.905347,4802,10.082184,1351,9.895347,4153,10.092184,3379,9.885347,2297,10.102184,2820
24400000000,000001.SZ,quote,9.992277,853,-1,9.980004,2276,10.004549,1497,9.970004,1482,10.014549,1207,9.960004,1564,10.024549,3579,9.950004,2013,10.034549,1408,9.940004,2009,10.044549,2575,9.930004,2913,10.054549,4325,9.920004,1120,10.064549,4214,9.910004,2764,10.074549,3997,9.900004,3149,10.084549,2608,9.890004,1826,10.094549,1106
24500000000,000001.SZ,quote,9.99094,3283,1,9.978441,992,10.00344,2615,9.968441,2668,10.01344,1957,9.958441,4109,10.02344,1068,9.948441,4528,10.03344,2143,9.938441,3716,10.04344,1961,9.928441,4530,10.05344,1388,9.918441,1678,10.06344,4928,9.908441,4032,10.07344,2289,9.898441,1370,10.08344,4117,9.888441,2621,10.09344,1346
24600000000,000001.SZ,quote,9.98815,2152,1,9.975586,653,10.000713,4577,9.965586,1719,10.010713,507,9.955586,809,10.020713,3698,9.945586,2682,10.030713,1741,9.935586,3201,10.040713,3705,9.925586,530,10.050713,4722,9.915586,4519,10.060713,4416,9.905586,4072,10.070713,3808,9.895586,1074,10.080713,4924,9.885586,2350,10.090713,527
24700000000,000001.SZ,quote,9.987456,4049,-1,9.969942,4885,10.00497,3440,9.959942,3231,10.01497,2980,9.949942,3781,10.02497,952,9.939942,1242,10.03497,3492,9.929942,4879,10.04497,3285,9.919942,1159,10.05497,4265,9.909942,2875,10.06497,2163,9.899942,1946,10.07497,822,9.889942,3647,10.08497,2064,9.879942,2948,10.09497,3695
24800000000,000001.SZ,quote,9.989835,3043,1,9.97279,1195,10.00688,4087,9.96279,2052,10.01688,1646,9.95279,792,10.02688,2081,9.94279,707,10.03688,2453,9.93279,4507,10.04688,3684,9.92279,1016,10.05688,4928,9.91279,3020,10.06688,4593,9.90279,4874,10.07688,4180,9.89279,634,10.08688,803,9.88279,3279,10.09688,959
24900000000,000001.SZ,quote,9.988861,3421,-1,9.971093,2234,10.006629,4785,9.961093,4254,10.016629,4895,9.951093,1720,10.026629,2408,9.941093,1090,10.036629,802,9.931093,1659,10.046629,4505,9.921093,656,10.056629,4360,9.911093,875,10.066629,2488,9.901093,1569,10.076629,617,9.891093,1911,10.086629,909,9.881093,3017,10.096629,1297
25000000000,000001.SZ,quote,9.988598,4941,-1,9.975233,1371,10.001964,1435,9.965233,4572,10.011964,2306,9.955233,1016,10.021964,2160,9.945233,3991,10.031964,3263,9.935233,3793,10.041964,3156,9.925233,1489,10.051964,4971,9.915233,1625,10.061964,3134,9.905233,2246,10.071964,873,9.895233,1920,10.081964,3248,9.885233,1017,10.091964,1489
25100000000,000001.SZ,quote,9.987242,1476,1,9.969181,1851,10.005302,4093,9.959181,2495,10.015302,833,9.949181,1592,10.025302,1318,9.939181,3581,10.035302,1792,9.929181,628,10.045302,4489,9.919181,1161,10.055302,552,9.909181,559,10.065302,1969,9.899181,1230,10.075302,2824,9.889181,3909,10.085302,4399,9.879181,1539,10.095302,2188
25200000000,000001.SZ,quote,9.9851,3789,1,9.970933,2459,9.999268,1929,9.960933,808,10.009268,1974,9.950933,4595,10.019268,1221,9.940933,2967,10.029268,3349,9.930933,3930,10.039268,537,9.920933,2430,10.049268,2072,9.910933,1462,10.059268,4843,9.900933,1283,10.069268,3464,9.890933,4921,10.079268,4657,9.880933,2296,10.089268,4302
25300000000,000001.SZ,quote,9.986722,2364,-1,9.969448,2086,10.003997,1423,9.959448,1722,10.013997,4386,9.949448,4575,10.023997,1944,9.939448,1808,10.033997,853,9.929448,942,10.043997,3483,9.919448,2835,10.053997,2216,9.909448,4060,10.063997,2559,9.899448,3238,10.073997,4212,9.889448,854,10.083997,1355,9.879448,929,10.093997,4902
25400000000,000001.SZ,quote,9.984777,4073,-1,9.966494,1080,10.003061,2427,9.956494,4143,10.013061,3170,9.946494,3932,10.023061,2128,9.936494,3168,10.033061,2384,9.926494,1402,10.043061,3171,9.916494,2365,10.053061,1303,9.906494,2442,10.063061,3879,9.896494,2138,10.073061,3576,9.886494,2307,10.083061,1102,9.876494,4358,10.093061,4468
25500000000,000001.SZ,quote,9.982104,1870,1,9.966617,1958,9.99759,3673,9.956617,3559,10.00759,1617,9.946617,4249,10.01759,2090,9.936617,3437,10.02759,2709,9.926617,2156,10.03759,3251,9.916617,1542,10.04759,762,9.906617,988,10.05759,2798,9.896617,1618,10.06759,1410,9.886617,4313,10.07759,4256,9.876617,3926,10.08759,1902
25600000000,000001.SZ,quote,9.983666,2517,-1,9.969907,1892,9.997424,2381,9.959907,1208,10.007424,3872,9.949907,4774,10.017424,4507,9.939907,2273,10.027424,4378,9.929907,4290,10.037424,2786,9.919907,618,10.047424,4007,9.909907,2520,10.057424,2530,9.899907,3181,10.067424,4057,9.889907,2321,10.077424,1720,9.879907,541,10.087424,3922
25700000000,000001.SZ,quote,9.986547,3955,-1,9.974226,3987,9.998867,4850,9.964226,3730,10.008867,4426,9.954226,1302,10.018867,4206,9.944226,4557,10.028867,2470,9.934226,1180,10.038867,601,9.924226,3831,10.048867,2285,9.914226,1587,10.058867,3436,9.904226,2923,10.068867,2458,9.894226,1243,10.078867,630,9.884226,4430,10.088867,2997
25800000000,000001.SZ,quote,9.984517,4772,-1,9.968843,4226,10.000192,4299,9.958843,1635,10.010192,3820,9.948843,2015,10.020192,3534,9.938843,4303,10.030192,511,9.928843,1079,10.040192,3652,9.918843,3227,10.050192,4849,9.908843,767,10.060192,2929,9.898843,3988,10.070192,2710,9.888843,4943,10.080192,2196,9.878843,1163,10.090192,3250
25900000000,000001.SZ,quote,9.985932,3081,-1,9.973494,1409,9.998371,3637,9.963494,3494,10.008371,4312,9.953494,834,10.018371,3494,9.943494,3501,10.028371,1935,9.933494,1048,10.038371,2177,9.923494,1633,10.048371,3243,9.913494,2454,10.058371,4920,9.903494,1430,10.068371,4419,9.893494,2218,10.078371,2346,9.883494,3125,10.088371,3389
26000000000,000001.SZ,quote,9.98832,3564,1,9.972291,946,10.004348,1019,9.962291,3554,10.014348,3328,9.952291,4206,10.024348,4483,9.942291,4607,10.034348,4814,9.932291,1505,10.044348,4351,9.922291,4857,10.054348,4865,9.912291,2894,10.064348,4202,9.902291,3515,10.074348,1037,9.892291,2042,10.084348,4250,9.882291,1215,10.094348,1156
26100000000,000001.SZ,quote,9.987664,730,-1,9.974233,1849,10.001094,2760,9.964233,1417,10.011094,1712,9.954233,4565,10.021094,1732,9.944233,2173,10.031094,4765,9.934233,685,10.041094,2901,9.924233,3912,10.051094,4935,9.914233,1581,10.061094,4382,9.904233,3340,10.071094,3941,9.894233,4136,10.081094,675,9.884233,2888,10.091094,2048
26200000000,000001.SZ,quote,9.985041,2003,1,9.966067,3872,10.004016,3308,9.956067,3173,10.014016,4482,9.946067,4843,10.024016,4993,9.936067,4147,10.034016,4251,9.926067,2991,10.044016,1580,9.916067,3010,10.054016,1906,9.906067,2629,10.064016,2357,9.896067,4466,10.074016,3546,9.886067,2860,10.084016,887,9.876067,1715,10.094016,3392
26300000000,000001.SZ,quote,9.983748,1417,1,9.964098,1993,10.003397,1936,9.954098,1757,10.013397,1820,9.944098,2448,10.023397,1457,9.934098,837,10.033397,3093,9.924098,1536,10.043397,4111,9.914098,2633,10.053397,3528,9.904098,2011,10.063397,2180,9.894098,784,10.073397,3096,9.884098,3316,10.083397,1711,9.874098,3554,10.093397,4173
26400000000,000001.SZ,quote,9.983987,2570,-1,9.970686,704,9.997288,3814,9.960686,4591,10.007288,1690,9.950686,4252,10.017288,3123,9.940686,1778,10.027288,535,9.930686,4974,10.037288,4656,9.920686,3213,10.047288,2921,9.910686,4382,10.057288,2874,9.900686,1704,10.067288,4121,9.890686,3274,10.077288,1420,9.880686,4423,10.087288,828
26500000000,000001.SZ,quote,9.981823,2623,-1,9.965416,3790,9.998231,2305,9.955416,4153,10.008231,3427,9.945416,1257,10.018231,3173,9.935416,950,10.028231,2098,9.925416,4812,10.038231,2319,9.915416,2776,10.048231,2103,9.905416,684,10.058231,1184,9.895416,4910,10.068231,4149,9.885416,1215,10.078231,4692,9.875416,3731,10.088231,2092
26600000000,000001.SZ,quote,9.981766,4290,-1,9.964941,3457,9.998592,3756,9.954941,1711,10.008592,4003,9.944941,3528,10.018592,3663,9.934941,3554,10.028592,599,9.924941,2831,10.038592,3325,9.914941,3378,10.048592,3023,9.904941,4150,10.058592,1217,9.894941,2266,10.068592,4139,9.884941,3904,10.078592,4124,9.874941,2864,10.088592,1841
26700000000,000001.SZ,quote,9.9836,3572,1,9.963837,1643,10.003363,1205,9.953837,1676,10.013363,2202,9.943837,2984,10.023363,4388,9.933837,4803,10.033363,3247,9.923837,1041,10.043363,3578,9.913837,1224,10.053363,554,9.903837,3854,10.063363,2739,9.893837,3895,10.073363,1932,9.883837,4285,10.083363,1621,9.873837,2132,10.093363,2023
26800000000,000001.SZ,quote,9.985594,4118,-1,9.971278,2973,9.99991,2989,9.961278,4547,10.00991,4296,9.951278,2339,10.01991,719,9.941278,520,10.02991,1761,9.931278,2651,10.03991,2958,9.921278,4371,10.04991,1517,9.911278,2856,10.05991,3917,9.901278,1969,10.06991,4529,9.891278,2504,10.07991,733,9.881278,1477,10.08991,2770
26900000000,000001.SZ,quote,9.985552,3063,1,9.965787,4072,10.005317,2612,9.955787,4399,10.015317,1479,9.945787,3557,10.025317,4698,9.935787,643,10.035317,2626,9.925787,1834,10.045317,979,9.915787,1697,10.055317,3118,9.905787,4276,10.065317,1609,9.895787,3427,10.075317,1837,9.885787,933,10.085317,2733,9.875787,3458,10.095317,3936
27000000000,000001.SZ,quote,9.98637,499,1,9.966729,2889,10.006011,4838,9.956729,1129,10.016011,4709,9.946729,2087,10.026011,2001,9.936729,1274,10.036011,1869,9.926729,4954,10.046011,3142,9.916729,3090,10.056011,2966,9.906729,2723,10.066011,3469,9.896729,1285,10.076011,4877,9.886729,3380,10.086011,1677,9.876729,605,10.096011,1621
27100000000,000001.SZ,quote,9.986479,4072,1,9.971495,3287,10.001463,1835,9.961495,1339,10.011463,2284,9.951495,1766,10.021463,4623,9.941495,2311,10.031463,2043,9.931495,4806,10.041463,4858,9.921495,1433,10.051463,3918,9.911495,4272,10.061463,1125,9.901495,1454,10.071463,1575,9.891495,642,10.081463,4428,9.881495,3352,10.091463,3052
27200000000,000001.SZ,quote,9.987625,3720,1,9.974513,1910,10.000737,2995,9.964513,735,10.010737,1471,9.954513,2321,10.020737,1554,9.944513,1666,10.030737,2356,9.934513,3018,10.040737,1526,9.924513,2219,10.050737,1566,9.914513,1143,10.060737,3980,9.904513,1415,10.070737,1136,9.894513,654,10.080737,4467,9.884513,4032,10.090737,848
27300000000,000001.SZ,quote,9.985803,4306,-1,9.973541,4342,9.998066,1474,9.963541,2572,10.008066,854,9.953541,1042,10.018066,2971,9.943541,584,10.028066,1290,9.933541,1514,10.038066,2182,9.923541,2138,10.048066,2013,9.913541,3379,10.058066,739,9.903541,1243,10.068066,1692,9.893541,2772,10.078066,3349,9.883541,3385,10.088066,1815
27400000000,000001.SZ,quote,9.987934,2081,-1,9.969688,1311,10.00618,614,9.959688,4832,10.01618,2277,9.949688,2069,10.02618,2808,9.939688,1907,10.03618,4900,9.929688,535,10.04618,1308,9.919688,2253,10.05618,4630,9.909688,4388,10.06618,3502,9.899688,2016,10.07618,4101,9.889688,1379,10.08618,1981,9.879688,3406,10.09618,3609
27500000000,000001.SZ,quote,9.987479,3438,-1,9.971365,3074,10.003593,1512,9.961365,4316,10.013593,1403,9.951365,4757,10.023593,1613,9.941365,4561,10.033593,3459,9.931365,2861,10.043593,832,9.921365,1173,10.053593,3187,9.911365,4544,10.063593,1447,9.901365,3652,10.073593,2823,9.891365,4243,10.083593,3055,9.881365,4136,10.093593,2350
27600000000,000001.SZ,quote,9.987802,3605,-1,9.973477,1070,10.002127,4396,9.963477,3510,10.012127,1968,9.953477,604,10.022127,4527,9.943477,1361,10.032127,3747,9.933477,4088,10.042127,4781,9.923477,1196,10.052127,1476,9.913477,1674,10.062127,3734,9.903477,3781,10.072127,1333,9.893477,1882,10.082127,1030,9.883477,3479,10.092127,2130
27700000000,000001.SZ,quote,9.986834,3411,-1,9.970074,2407,10.003594,3979,9.960074,4588,10.013594,2781,9.950074,2736,10.023594,3778,9.940074,3417,10.033594,4397,9.930074,3813,10.043594,4469,9.920074,4689,10.053594,2784,9.910074,1707,10.063594,4224,9.900074,1385,10.073594,1500,9.890074,2553,10.083594,4508,9.880074,4573,10.093594,2390
27800000000,000001.SZ,quote,9.987604,915,-1,9.974527,1058,10.000681,4580,9.964527,719,10.010681,1967,9.954527,3634,10.020681,3178,9.944527,1751,10.030681,2980,9.934527,1289,10.040681,1126,9.924527,4759,10.050681,4532,9.914527,4317,10.060681,2154,9.904527,2904,10.070681,4578,9.894527,4516,10.080681,4635,9.884527,2643,10.090681,4943
27900000000,000001.SZ,quote,9.986666,4577,-1,9.967788,758,10.005543,4025,9.957788,1475,10.015543,3642,9.947788,4187,10.025543,3076,9.937788,3582,10.035543,4125,9.927788,4265,10.045543,794,9.917788,769,10.055543,1948,9.907788,2982,10.065543,1844,9.897788,4526,10.075543,4028,9.887788,1601,10.085543,3059,9.877788,3687,10.095543,4493
28000000000,000001.SZ,quote,9.98825,4118,1,9.971699,4398,10.004801,1780,9.961699,4650,10.014801,956,9.951699,3706,10.024801,2657,9.941699,4552,10.034801,3594,9.931699,3389,10.044801,2830,9.921699,3125,10.054801,1003,9.911699,730,10.064801,869,9.901699,1550,10.074801,3501,9.891699,3357,10.084801,720,9.881699,3295,10.094801,3617
28100000000,000001.SZ,quote,9.985834,3027,1,9.971073,3377,10.000595,962,9.961073,2500,10.010595,2528,9.951073,2422,10.020595,3056,9.941073,1195,10.030595,1036,9.931073,2997,10.040595,1437,9.921073,3265,10.050595,1890,9.911073,661,10.060595,4910,9.901073,3171,10.070595,806,9.891073,4275,10.080595,3960,9.881073,4716,10.090595,3950
28200000000,000001.SZ,quote,9.984434,4916,-1,9.966866,3092,10.002001,3594,9.956866,3697,10.012001,3141,9.946866,1300,10.022001,4500,9.936866,1319,10.032001,2186,9.926866,3252,10.042001,4569,9.916866,4618,10.052001,3281,9.906866,1865,10.062001,2953,9.896866,3476,10.072001,4071,9.886866,2152,10.082001,4571,9.876866,1117,10.092001,4889
28300000000,000001.SZ,quote,9.982718,2535,1,9.968597,2350,9.996839,1253,9.958597,1276,10.006839,3259,9.948597,2739,10.016839,1051,9.938597,4850,10.026839,4393,9.928597,3998,10.036839,2218,9.918597,3345,10.046839,1128,9.908597,2972,10.056839,4634,9.898597,2956,10.066839,4046,9.888597,4923,10.076839,3066,9.878597,2139,10.086839,3894
28400000000,000001.SZ,quote,9.982132,3812,-1,9.965132,652,9.999132,4728,9.955132,2028,10.009132,4589,9.945132,2244,10.019132,4328,9.935132,2694,10.029132,4864,9.925132,4053,10.039132,990,9.915132,4778,10.049132,2143,9.905132,3484,10.059132,4288,9.895132,1710,10.069132,2469,9.885132,1732,10.079132,2959,9.875132,4066,10.089132,3860
28500000000,000001.SZ,quote,9.981044,627,-1,9.962402,3878,9.999686,2686,9.952402,2851,10.009686,1815,9.942402,2600,10.019686,2434,9.932402,3824,10.029686,2453,9.922402,1430,10.039686,1728,9.912402,2072,10.049686,726,9.902402,2511,10.059686,3043,9.892402,4302,10.069686,4476,9.882402,4072,10.079686,3957,9.872402,803,10.089686,2154
28600000000,000001.SZ,quote,9.979,2216,1,9.965909,1941,9.992091,845,9.955909,4480,10.002091,663,9.945909,953,10.012091,1187,9.935909,3071,10.022091,2941,9.925909,1020,10.032091,3834,9.915909,3477,10.042091,1239,9.905909,3751,10.052091,1651,9.895909,2433,10.062091,1416,9.885909,4598,10.072091,1488,9.875909,4775,10.082091,4802
28700000000,000001.SZ,quote,9.977511,2050,-1,9.958434,3067,9.996587,3197,9.948434,3694,10.006587,2432,9.938434,3964,10.016587,2285,9.928434,1681,10.026587,1375,9.918434,1934,10.036587,2253,9.908434,2749,10.046587,4100,9.898434,3845,10.056587,2583,9.888434,958,10.066587,4517,9.878434,4870,10.076587,3569,9.868434,1425,10.086587,3092
28800000000,000001.SZ,quote,9.977785,2118,1,9.961987,1687,9.993584,3473,9.951987,4393,10.003584,3512,9.941987,3024,10.013584,672,9.931987,785,10.023584,947,9.921987,2463,10.033584,2572,9.911987,3651,10.043584,3033,9.901987,3472,10.053584,1499,9.891987,4881,10.063584,2436,9.881987,4124,10.073584,3682,9.871987,564,10.083584,3719
28900000000,000001.SZ,quote,9.98035,2564,-1,9.961007,2428,9.999694,2936,9.951007,2223,10.009694,1812,9.941007,4095,10.019694,3098,9.931007,3828,10.029694,777,9.921007,2744,10.039694,1156,9.911007,4527,10.049694,4359,9.901007,3882,10.059694,3225,9.891007,3960,10.069694,1322,9.881007,1813,10.079694,2637,9.871007,4647,10.089694,1043
29000000000,000001.SZ,quote,9.979462,4586,1,9.962645,4213,9.996278,724,9.952645,926,10.006278,2005,9.942645,4132,10.016278,1614,9.932645,525,10.026278,3782,9.922645,2139,10.036278,3003,9.912645,3070,10.046278,1173,9.902645,1407,10.056278,1792,9.892645,2544,10.066278,4730,9.882645,1565,10.076278,3861,9.872645,3116,10.086278,4198
29100000000,000001.SZ,quote,9.979332,2235,-1,9.96145,3183,9.997213,2808,9.95145,2127,10.007213,1191,9.94145,3895,10.017213,3511,9.93145,1990,10.027213,3723,9.92145,3591,10.037213,2338,9.91145,669,10.047213,688,9.90145,2373,10.057213,1228,9.89145,4288,10.067213,2124,9.88145,2644,10.077213,1882,9.87145,907,10.087213,3785
29200000000,000001.SZ,quote,9.98004,1322,-1,9.963237,3514,9.996843,1893,9.953237,1461,10.006843,615,9.943237,4807,10.016843,4064,9.933237,4216,10.026843,4548,9.923237,1470,10.036843,2338,9.913237,2164,10.046843,2060,9.903237,2680,10.056843,2858,9.893237,4548,10.066843,3629,9.883237,1566,10.076843,4033,9.873237,2192,10.086843,2265
29300000000,000001.SZ,quote,9.983011,1651,1,9.968747,1977,9.997275,3846,9.958747,1695,10.007275,735,9.948747,2877,10.017275,2644,9.938747,2429,10.027275,4194,9.928747,2534,10.037275,3528,9.918747,4253,10.047275,1202,9.908747,584,10.057275,4341,9.898747,1591,10.067275,3148,9.888747,3756,10.077275,2238,9.878747,3641,10.087275,3967
29400000000,000001.SZ,quote,9.984428,880,-1,9.970378,926,9.998477,3226,9.960378,2423,10.008477,4357,9.950378,3402,10.018477,872,9.940378,543,10.028477,2577,9.930378,4633,10.038477,3620,9.920378,2978,10.048477,3733,9.910378,3538,10.058477,1583,9.900378,836,10.068477,1969,9.890378,2632,10.078477,1891,9.880378,4626,10.088477,4537
29500000000,000001.SZ,quote,9.98701,1180,-1,9.967986,3099,10.006033,4845,9.957986,4046,10.016033,1661,9.947986,2633,10.026033,1457,9.937986,3066,10.036033,861,9.927986,1547,10.046033,4589,9.917986,2801,10.056033,3453,9.907986,4023,10.066033,2817,9.897986,2656,10.076033,2660,9.887986,4735,10.086033,3064,9.877986,4069,10.096033,1851
29600000000,000001.SZ,quote,9.985903,1339,1,9.965946,935,10.005859,2047,9.955946,1717,10.015859,947,9.945946,2383,10.025859,2000,9.935946,793,10.035859,4352,9.925946,2631,10.045859,1839,9.915946,4326,10.055859,4075,9.905946,1450,10.065859,4554,9.895946,834,10.075859,4116,9.885946,3420,10.085859,4474,9.875946,4249,10.095859,4538
29700000000,000001.SZ,quote,9.983578,1312,-1,9.96582,3363,10.001336,1266,9.95582,2168,10.011336,2827,9.94582,1979,10.021336,1878,9.93582,4667,10.031336,2734,9.92582,2239,10.041336,533,9.91582,4809,10.051336,1979,9.90582,3911,10.061336,1129,9.89582,2516,10.071336,4580,9.88582,1272,10.081336,3192,9.87582,712,10.091336,2828
29800000000,000001.SZ,quote,9.984666,3329,1,9.967221,1368,10.002111,3150,9.957221,1759,10.012111,736,9.947221,1164,10.022111,4270,9.937221,4430,10.032111,4219,9.927221,2706,10.042111,547,9.917221,3198,10.052111,859,9.907221,4211,10.062111,3161,9.897221,1559,10.072111,2231,9.887221,898,10.082111,2817,9.877221,3147,10.092111,954
29900000000,000001.SZ,quote,9.986128,3224,-1,9.969751,3767,10.002506,2590,9.959751,1958,10.012506,2466,9.949751,3767,10.022506,1230,9.939751,668,10.032506,2205,9.929751,1834,10.042506,3682,9.919751,3796,10.052506,2834,9.909751,1762,10.062506,1487,9.899751,2945,10.072506,4521,9.889751,4041,10.082506,3040,9.879751,1575,10.092506,3441
